@misc{CMS-DP-2018-059,
      title         = "{Patatrack Heterogeneous Computing 2018 Demonstrator:
                       Pixel Tracks}",
      collaboration = "CMS",
      year          = "2018",
      reportNumber  = "CMS-DP-2018-059",
      howPublished   = {\url{https://cds.cern.ch/record/2646774}},
}

@article{	  :2008qh,
  archiveprefix	= {arXiv},
  author	= {T. Aaltonen and others},
  collaboration	= {CDF},
  doi		= {10.1103/PhysRevD.78.012008},
  eprint	= {0801.1129},
  journal	= {Phys.Rev.},
  pages		= {012008},
  primaryclass	= {hep-ex},
  reportnumber	= {FERMILAB-PUB-08-008-E},
  slaccitation	= {%%CITATION = ARXIV:0801.1129;%%},
  title		= {{Search for New Heavy Particles Decaying to $Z^0 Z^0 \to
		  eeee$ in $p$ - $\bar{p}$ Collisions at $\sqrt{s}$ =
		  1.96-TeV}},
  volume	= {D78},
  year		= {2008}
}

@article{Musella:2018rdi,
      author         = "Musella, Pasquale and Pandolfi, Francesco",
      title          = "{Fast and Accurate Simulation of Particle Detectors Using
                        Generative Adversarial Networks}",
      journal        = "Comput. Softw. Big Sci.",
      volume         = "2",
      year           = "2018",
      number         = "1",
      pages          = "8",
      doi            = "10.1007/s41781-018-0015-y",
      eprint         = "1805.00850",
      archivePrefix  = "arXiv",
      primaryClass   = "hep-ex",
      SLACcitation   = "%%CITATION = ARXIV:1805.00850;%%"
}

@article{Qasim:2019otl,
      author         = "Qasim, Shah Rukh and Kieseler, Jan and Iiyama, Yutaro and
                        Pierini, Maurizio",
      title          = "{Learning representations of irregular particle-detector
                        geometry with distance-weighted graph networks}",
      year           = "2019",
      eprint         = "1902.07987",
      archivePrefix  = "arXiv",
      primaryClass   = "physics.data-an",
      SLACcitation   = "%%CITATION = ARXIV:1902.07987;%%"
}

@article{Aggleton:2017ljc,
	Author = {Aggleton, R. and others},
	Doi = {10.1088/1748-0221/12/12/P12019},
	Journal = {JINST},
	Number = {12},
	Pages = {P12019},
	Slaccitation = {%%CITATION = JINST,12,P12019;%%},
	Title = {{An FPGA based track finder for the L1 trigger of the CMS experiment at the High Luminosity LHC}},
	Volume = {12},
	Year = {2017},
	Bdsk-Url-1 = {https://doi.org/10.1088/1748-0221/12/12/P12019}}

@article{Bartz:2017nlo,
	Archiveprefix = {arXiv},
	Author = {Bartz, Edward and others},
	Booktitle = {{Proceedings, Connecting The Dots / Intelligent Tracker (CTD/WIT 2017): Orsay, France, March 6-9, 2017}},
	Doi = {10.1051/epjconf/201715000016},
	Eprint = {1706.09225},
	Journal = {EPJ Web Conf.},
	Pages = {00016},
	Primaryclass = {physics.ins-det},
	Slaccitation = {%%CITATION = ARXIV:1706.09225;%%},
	Title = {{FPGA-Based Tracklet Approach to Level-1 Track Finding at CMS for the HL-LHC}},
	Volume = {150},
	Year = {2017},
	Bdsk-Url-1 = {https://doi.org/10.1051/epjconf/201715000016}}


@article{	  :2008zzk,
  author	= {R. Adolphi and others},
  collaboration	= {CMS},
  doi		= {10.1088/1748-0221/3/08/S08004},
  journal	= {JINST},
  pages		= {S08004},
  slaccitation	= {%%CITATION = JINST,3,S08004;%%},
  title		= {{The CMS experiment at the CERN LHC}},
  volume	= {3},
  year		= {2008}
}

@article{	  :2009dq,
  archiveprefix	= {arXiv},
  author	= {Serguei Chatrchyan and others},
  collaboration	= {CMS},
  doi		= {10.1088/1748-0221/5/03/T03002},
  eprint	= {0911.5422},
  journal	= {JINST},
  pages		= {T03002},
  primaryclass	= {physics.ins-det},
  reportnumber	= {CMS-CFT-09-013, FERMILAB-PUB-10-145-CMS},
  slaccitation	= {%%CITATION = ARXIV:0911.5422;%%},
  title		= {{Performance of the CMS Level-1 Trigger during
		  Commissioning with Cosmic Ray Muons}},
  volume	= {5},
  year		= {2010}
}

@article{	  :2011zq,
  archiveprefix	= {arXiv},
  author	= {and T. Aaltonen},
  collaboration	= {CDF},
  eprint	= {1102.4566},
  primaryclass	= {hep-ex},
  title		= {{Search for new heavy particles decaying to $Z^0$ $Z^0$ to
		  $\ell\ell\ell\ell$, $\ell\ell jj$ in $p\bar{p}$ collisions
		  at $\sqrt{s}$ = 1.96 TeV}},
  year		= {2011}
}

@article{Chatrchyan:2012xdj,
      author         = "Chatrchyan, Serguei and others",
      title          = "{Observation of a new boson at a mass of 125 GeV with the
                        CMS experiment at the LHC}",
      collaboration  = "CMS",
      journal        = "Phys. Lett.",
      volume         = "B716",
      year           = "2012",
      pages          = "30-61",
      doi            = "10.1016/j.physletb.2012.08.021",
      eprint         = "1207.7235",
      archivePrefix  = "arXiv",
      primaryClass   = "hep-ex",
      reportNumber   = "CMS-HIG-12-028, CERN-PH-EP-2012-220",
      SLACcitation   = "%%CITATION = ARXIV:1207.7235;%%"
}

@article{Aartsen:2016zhm,
      author         = "Aartsen, M. G. and others",
      title          = "{Search for annihilating dark matter in the Sun with 3
                        years of IceCube data}",
      collaboration  = "IceCube",
      journal        = "Eur. Phys. J.",
      volume         = "C77",
      year           = "2017",
      number         = "3",
      pages          = "146",
      doi            = "10.1140/epjc/s10052-017-4689-9",
      eprint         = "1612.05949",
      archivePrefix  = "arXiv",
      primaryClass   = "astro-ph.HE",
      SLACcitation   = "%%CITATION = ARXIV:1612.05949;%%"
}
@article{Agnese:2017jvy,
      author         = "Agnese, R. and others",
      title          = "{Low-mass dark matter search with CDMSlite}",
      collaboration  = "SuperCDMS",
      journal        = "Phys. Rev.",
      volume         = "D97",
      year           = "2018",
      number         = "2",
      pages          = "022002",
      doi            = "10.1103/PhysRevD.97.022002",
      eprint         = "1707.01632",
      archivePrefix  = "arXiv",
      primaryClass   = "astro-ph.CO",
      reportNumber   = "FERMILAB-PUB-17-265-AE",
      SLACcitation   = "%%CITATION = ARXIV:1707.01632;%%"
}

@article{Ahnen:2016qkx,
      author         = "Ahnen, M. L. and others",
      title          = "{Limits to dark matter annihilation cross-section from a
                        combined analysis of MAGIC and Fermi-LAT observations of
                        dwarf satellite galaxies}",
      collaboration  = "Fermi-LAT, MAGIC",
      journal        = "JCAP",
      volume         = "1602",
      year           = "2016",
      number         = "02",
      pages          = "039",
      doi            = "10.1088/1475-7516/2016/02/039",
      eprint         = "1601.06590",
      archivePrefix  = "arXiv",
      primaryClass   = "astro-ph.HE",
      reportNumber   = "FERMILAB-PUB-16-283-AE",
      SLACcitation   = "%%CITATION = ARXIV:1601.06590;%%"
}

@article{Akerib:2016vxi,
      author         = "Akerib, D. S. and others",
      title          = "{Results from a search for dark matter in the complete
                        LUX exposure}",
      collaboration  = "LUX",
      journal        = "Phys. Rev. Lett.",
      volume         = "118",
      year           = "2017",
      number         = "2",
      pages          = "021303",
      doi            = "10.1103/PhysRevLett.118.021303",
      eprint         = "1608.07648",
      archivePrefix  = "arXiv",
      primaryClass   = "astro-ph.CO",
      SLACcitation   = "%%CITATION = ARXIV:1608.07648;%%"
}

@article{Autran:2015mfa,
      author         = "Autran, Marcelo and Bauer, Kevin and Lin, Tongyan and
                        Whiteson, Daniel",
      title          = "{Searches for dark matter in events with a resonance and
                        missing transverse energy}",
      journal        = "Phys. Rev.",
      volume         = "D92",
      year           = "2015",
      number         = "3",
      pages          = "035007",
      doi            = "10.1103/PhysRevD.92.035007",
      eprint         = "1504.01386",
      archivePrefix  = "arXiv",
      primaryClass   = "hep-ph",
      SLACcitation   = "%%CITATION = ARXIV:1504.01386;%%"
}

@article{Buckley:2014fba,
      author         = "Buckley, Matthew R. and Feld, David and Goncalves,
                        Dorival",
      title          = "{Scalar Simplified Models for Dark Matter}",
      journal        = "Phys. Rev.",
      volume         = "D91",
      year           = "2015",
      pages          = "015017",
      doi            = "10.1103/PhysRevD.91.015017",
      eprint         = "1410.6497",
      archivePrefix  = "arXiv",
      primaryClass   = "hep-ph",
      reportNumber   = "IPPP-14-92, DCPT-14-184",
      SLACcitation   = "%%CITATION = ARXIV:1410.6497;%%"
}

@misc{CMS-PAS-BTV-15-001,
      title         = "{Identification of b quark jets at the CMS Experiment in
                       the LHC Run 2}",
      collaboration = "CMS Collaboration",
      year          = "2016",
      reportNumber  = "CMS-PAS-BTV-15-001",
      howPublished   = {\url{http://cds.cern.ch/record/2138504}},
}

@misc{teseDavid,
	author = "Romero Abad, David",
	title = "{Search for massive resonances decaing into pairs of boosted bosons in missing energy plus jet final state $\sqrt{s}$ = 13 TeV}",
	year = "2017",
	howPublished = {\url{http://biblioteca.ufabc.edu.br/index.php?codigo_sophia=109191}},
}

@misc{TMVA,
	  title = "{TMVA: The Toolkit for Multivariate Data Analysis}",
	  note = {\url{https://root.cern.ch/tmva}},
	  }
	  
@article{Acciarri:2016crz,
      author         = "Acciarri, R. and others",
      title          = "{Long-Baseline Neutrino Facility (LBNF) and Deep
                        Underground Neutrino Experiment (DUNE)}",
      collaboration  = "DUNE",
      year           = "2016",
      eprint         = "1601.05471",
      archivePrefix  = "arXiv",
      primaryClass   = "physics.ins-det",
      reportNumber   = "FERMILAB-DESIGN-2016-01",
      SLACcitation   = "%%CITATION = ARXIV:1601.05471;%%"
}

@article{Acciarri:2015uup,
      author         = "Acciarri, R. and others",
      title          = "{Long-Baseline Neutrino Facility (LBNF) and Deep
                        Underground Neutrino Experiment (DUNE)}",
      collaboration  = "DUNE",
      year           = "2015",
      eprint         = "1512.06148",
      archivePrefix  = "arXiv",
      primaryClass   = "physics.ins-det",
      reportNumber   = "FERMILAB-DESIGN-2016-02",
      SLACcitation   = "%%CITATION = ARXIV:1512.06148;%%"
}

@misc{CMS:2017vpy,
      title          = "{Search for a new scalar resonance decaying to a pair of
                        Z bosons in proton-proton collisions at $\sqrt s$ = 13
                        TeV}",
      collaboration  = "CMS",
      year           = "2017",
      reportNumber   = "CMS-PAS-HIG-17-012",
      howPublished   = {\url{https://cds.cern.ch/record/2296714}},
      SLACcitation   = "%%CITATION = CMS-PAS-HIG-17-012;%%"
}

@article{Choi:2015ara,
      author         = "Choi, K. and others",
      title          = "{Search for neutrinos from annihilation of captured
                        low-mass dark matter particles in the Sun by
                        Super-Kamiokande}",
      collaboration  = "Super-Kamiokande",
      journal        = "Phys. Rev. Lett.",
      volume         = "114",
      year           = "2015",
      number         = "14",
      pages          = "141301",
      doi            = "10.1103/PhysRevLett.114.141301",
      eprint         = "1503.04858",
      archivePrefix  = "arXiv",
      primaryClass   = "hep-ex",
      SLACcitation   = "%%CITATION = ARXIV:1503.04858;%%"
}
@article{Duerr:2017uap,
      author         = "Duerr, Michael and Grohsjean, Alexander and Kahlhoefer,
                        Felix and Penning, Bjoern and Schmidt-Hoberg, Kai and
                        Schwanenberger, Christian",
      title          = "{Hunting the dark Higgs}",
      journal        = "JHEP",
      volume         = "04",
      year           = "2017",
      pages          = "143",
      doi            = "10.1007/JHEP04(2017)143",
      eprint         = "1701.08780",
      archivePrefix  = "arXiv",
      primaryClass   = "hep-ph",
      reportNumber   = "DESY-17-016",
      SLACcitation   = "%%CITATION = ARXIV:1701.08780;%%"
}

@article{Dutta:2014kia,
      author         = "Dutta, Bhaskar and Gao, Yu and Kamon, Teruki",
      title          = "{Probing Light Nonthermal Dark Matter at the LHC}",
      journal        = "Phys. Rev.",
      volume         = "D89",
      year           = "2014",
      number         = "9",
      pages          = "096009",
      doi            = "10.1103/PhysRevD.89.096009",
      eprint         = "1401.1825",
      archivePrefix  = "arXiv",
      primaryClass   = "hep-ph",
      reportNumber   = "MIFPA-14-01",
      SLACcitation   = "%%CITATION = ARXIV:1401.1825;%%"
}

@article{Feng:2010gw,
      author         = "Feng, Jonathan L.",
      title          = "{Dark Matter Candidates from Particle Physics and Methods
                        of Detection}",
      journal        = "Ann. Rev. Astron. Astrophys.",
      volume         = "48",
      year           = "2010",
      pages          = "495-545",
      doi            = "10.1146/annurev-astro-082708-101659",
      eprint         = "1003.0904",
      archivePrefix  = "arXiv",
      primaryClass   = "astro-ph.CO",
      reportNumber   = "UCI-TR-2009-13",
      SLACcitation   = "%%CITATION = ARXIV:1003.0904;%%"
}

@article{Malik:2014ggr,
      author         = "Malik, Sarah A. and others",
      title          = "{Interplay and Characterization of Dark Matter Searches
                        at Colliders and in Direct Detection Experiments}",
      journal        = "Phys. Dark Univ.",
      volume         = "9-10",
      year           = "2015",
      pages          = "51-58",
      doi            = "10.1016/j.dark.2015.03.003",
      eprint         = "1409.4075",
      archivePrefix  = "arXiv",
      primaryClass   = "hep-ex",
      reportNumber   = "KCL-PH-TH-2014-37, LCTS-2014-36, CERN-PH-TH-2014-180",
      SLACcitation   = "%%CITATION = ARXIV:1409.4075;%%"
}

@inproceedings{Petricca:2017zdp,
      author         = "Petricca, F. and others",
      title          = "{First results on low-mass dark matter from the
                        CRESST-III experiment}",
      booktitle      = "{15th International Conference on Topics in Astroparticle
                        and Underground Physics (TAUP 2017) Sudbury, Ontario,
                        Canada, July 24-28, 2017}",
      collaboration  = "CRESST",
      url            = "https://inspirehep.net/record/1637341/files/arXiv:1711.07692.pdf",
      year           = "2017",
      eprint         = "1711.07692",
      archivePrefix  = "arXiv",
      primaryClass   = "astro-ph.CO",
      SLACcitation   = "%%CITATION = ARXIV:1711.07692;%%"
}

@article{Sirunyan:2018qlb,
      author         = "Sirunyan, Albert M and others",
      title          = "{Search for a new scalar resonance decaying to a pair of
                        Z bosons in proton-proton collisions at $\sqrt{s}=13 $
                        TeV}",
      collaboration  = "CMS",
      journal        = "JHEP",
      volume         = "06",
      year           = "2018",
      pages          = "127",
      doi            = "10.1007/JHEP06(2018)127",
      eprint         = "1804.01939",
      archivePrefix  = "arXiv",
      primaryClass   = "hep-ex",
      reportNumber   = "CMS-HIG-17-012, CERN-EP-2018-009",
      SLACcitation   = "%%CITATION = ARXIV:1804.01939;%%"
}

@unpublished{Ting:2016ams,
  title		= "{The First Five Years of the Alpha Magnetic Spectrometer on the International Space Station}",
  author	= "Ting, Samuel",
  year		= "2016",
  note		= "{\url{https://indico.cern.ch/event/592392/}}"
}

@inproceedings{Tomei:2017vlo,
      author         = "Tomei, Thiago R. F. P.",
      title          = "{Evolution of online algorithms in ATLAS and CMS in Run
                        2}",
      booktitle      = "{5th Large Hadron Collider Physics Conference (LHCP 2017)
                        Shanghai, China, May 15-20, 2017}",
      collaboration  = "ATLAS, CMS",
      url            = "https://inspirehep.net/record/1634974/files/arXiv:1711.02946.pdf",
      year           = "2017",
      eprint         = "1711.02946",
      archivePrefix  = "arXiv",
      primaryClass   = "hep-ex",
      reportNumber   = "CMS-CR-2017-368",
      SLACcitation   = "%%CITATION = ARXIV:1711.02946;%%"
}

@article{Cogan:2014oua,
      author         = "Cogan, Josh and Kagan, Michael and Strauss, Emanuel and
                        Schwarztman, Ariel",
      title          = "{Jet-Images: Computer Vision Inspired Techniques for Jet
                        Tagging}",
      journal        = "JHEP",
      volume         = "02",
      year           = "2015",
      pages          = "118",
      doi            = "10.1007/JHEP02(2015)118",
      eprint         = "1407.5675",
      archivePrefix  = "arXiv",
      primaryClass   = "hep-ph",
      SLACcitation   = "%%CITATION = ARXIV:1407.5675;%%"
}

@article{Paganini:2017dwg,
      author         = "Paganini, Michela and de Oliveira, Luke and Nachman,
                        Benjamin",
      title          = "{CaloGAN : Simulating 3D high energy particle showers in
                        multilayer electromagnetic calorimeters with generative
                        adversarial networks}",
      journal        = "Phys. Rev.",
      volume         = "D97",
      year           = "2018",
      number         = "1",
      pages          = "014021",
      doi            = "10.1103/PhysRevD.97.014021",
      eprint         = "1712.10321",
      archivePrefix  = "arXiv",
      primaryClass   = "hep-ex",
      SLACcitation   = "%%CITATION = ARXIV:1712.10321;%%"
}

@article{Aad:2008zzm,
      author         = "Aad, G. and others",
      title          = "{The ATLAS Experiment at the CERN Large Hadron Collider}",
      collaboration  = "ATLAS",
      journal        = "JINST",
      volume         = "3",
      year           = "2008",
      pages          = "S08003",
      doi            = "10.1088/1748-0221/3/08/S08003",
      SLACcitation   = "%%CITATION = JINST,3,S08003;%%"
}

@article{	  aad:2012tfa,
  archiveprefix	= {arXiv},
  author	= {Aad, Georges and others},
  collaboration	= {ATLAS},
  doi		= {10.1016/j.physletb.2012.08.020},
  eprint	= {1207.7214},
  journal	= {Phys.Lett.},
  pages		= {1-29},
  primaryclass	= {hep-ex},
  reportnumber	= {CERN-PH-EP-2012-218},
  slaccitation	= {%%CITATION = ARXIV:1207.7214;%%},
  title		= {{Observation of a new particle in the search for the
		  Standard Model Higgs boson with the ATLAS detector at the
		  LHC}},
  volume	= {B716},
  year		= {2012}
}

@article{	  aad:2014xka,
  author	= "Aad, Georges and others",
  title		= "{Search for resonant diboson production in the $\mathrm
		  {\ell \ell }q\bar{q}$ final state in $pp$ collisions at
		  $\sqrt{s} = 8$ TeV with the ATLAS detector}",
  collaboration	= "ATLAS",
  journal	= "Eur. Phys. J.",
  volume	= "C75",
  year		= "2015",
  pages		= "69",
  doi		= "10.1140/epjc/s10052-015-3261-8",
  eprint	= "1409.6190",
  archiveprefix	= "arXiv",
  primaryclass	= "hep-ex",
  reportnumber	= "CERN-PH-EP-2014-211",
  slaccitation	= "%%CITATION = ARXIV:1409.6190;%%"
}

@article{	  aad:2015ipg,
  author	= "Aad, Georges and others",
  title		= "{Combination of searches for $WW$, $WZ$, and $ZZ$
		  resonances in $pp$ collisions at $\sqrt{s} = 8$ TeV with
		  the ATLAS detector}",
  collaboration	= "ATLAS",
  journal	= "Phys. Lett.",
  volume	= "B755",
  year		= "2016",
  pages		= "285-305",
  doi		= "10.1016/j.physletb.2016.02.015",
  eprint	= "1512.05099",
  archiveprefix	= "arXiv",
  primaryclass	= "hep-ex",
  reportnumber	= "CERN-PH-EP-2015-269",
  slaccitation	= "%%CITATION = ARXIV:1512.05099;%%"
}

@article{	  aad:2015owa,
  author	= "Aad, Georges and others",
  title		= "{Search for high-mass diboson resonances with boson-tagged
		  jets in proton-proton collisions at $ \sqrt{s}=8 $ TeV with
		  the ATLAS detector}",
  collaboration	= "ATLAS",
  journal	= "JHEP",
  volume	= "12",
  year		= "2015",
  pages		= "055",
  doi		= "10.1007/JHEP12(2015)055",
  eprint	= "1506.00962",
  archiveprefix	= "arXiv",
  primaryclass	= "hep-ex",
  reportnumber	= "CERN-PH-EP-2015-115",
  slaccitation	= "%%CITATION = ARXIV:1506.00962;%%"
}

@article{	  aad:2015ufa,
  author	= "Aad, Georges and others",
  title		= "{Search for production of $WW/WZ$ resonances decaying to a
		  lepton, neutrino and jets in $pp$ collisions at
		  $\sqrt{s}=8$ TeV with the ATLAS detector}",
  collaboration	= "ATLAS",
  journal	= "Eur. Phys. J.",
  volume	= "C75",
  year		= "2015",
  number	= "5",
  pages		= "209",
  doi		= "10.1140/epjc/s10052-015-3593-4,
		  10.1140/epjc/s10052-015-3425-6",
  note		= "[Erratum: Eur. Phys. J.C75,370(2015)]",
  eprint	= "1503.04677",
  archiveprefix	= "arXiv",
  primaryclass	= "hep-ex",
  reportnumber	= "CERN-PH-EP-2015-044",
  slaccitation	= "%%CITATION = ARXIV:1503.04677;%%"
}

@article{	  aaltonen:2008ah,
  archiveprefix	= {arXiv},
  author	= {T. Aaltonen and others},
  collaboration	= {CDF},
  doi		= {10.1103/PhysRevLett.102.091805},
  eprint	= {0811.0053},
  journal	= {Phys. Rev. Lett.},
  pages		= {091805},
  primaryclass	= {hep-ex},
  title		= {{A search for high-mass resonances decaying to dimuons at
		  CDF}},
  volume	= {102},
  year		= {2009}
}

@article{	  aaltonen:2008dn,
  archiveprefix	= {arXiv},
  author	= {T. Aaltonen and others},
  collaboration	= {CDF},
  doi		= {10.1103/PhysRevD.79.112002},
  eprint	= {0812.4036},
  journal	= {Phys. Rev.},
  pages		= {112002},
  primaryclass	= {hep-ex},
  title		= {{Search for new particles decaying into dijets in
		  proton-antiproton collisions at $\sqrt{s}$ = 1.96 TeV}},
  volume	= {D79},
  year		= {2009}
}

@article{	  aaltonen:2008hh,
  archiveprefix	= {arXiv},
  author	= {T. Aaltonen and others},
  collaboration	= {CDF},
  doi		= {10.1103/PhysRevLett.101.181602},
  eprint	= {0807.3132},
  journal	= {Phys.Rev.Lett.},
  pages		= {181602},
  primaryclass	= {hep-ex},
  reportnumber	= {FERMILAB-PUB-08-247-E},
  slaccitation	= {%%CITATION = ARXIV:0807.3132;%%},
  title		= {{Search for large extra dimensions in final states
		  containing one photon or jet and large missing transverse
		  energy produced in $p \bar{p}$ collisions at $\sqrt{s}$ =
		  1.96-TeV}},
  volume	= {101},
  year		= {2008}
}

@article{	  aaltonen:2008vx,
  archiveprefix	= {arXiv},
  author	= {T. Aaltonen and others},
  collaboration	= {CDF},
  doi		= {10.1103/PhysRevLett.102.031801},
  eprint	= {0810.2059},
  journal	= {Phys. Rev. Lett.},
  pages		= {031801},
  primaryclass	= {hep-ex},
  title		= {{Search for high-mass $e^+$ e- resonances in $p \bar{p}$
		  collisions at $\sqrt{s}$ = 1.96 TeV}},
  volume	= {102},
  year		= {2009}
}

@article{	  aaltonen:2010cf,
  archiveprefix	= {arXiv},
  author	= {T. Aaltonen and others},
  collaboration	= {CDF},
  doi		= {10.1103/PhysRevD.83.011102},
  eprint	= {1012.2795},
  journal	= {Phys. Rev.},
  pages		= {011102},
  primaryclass	= {hep-ex},
  title		= {{Search for Randall-Sundrum gravitons in the diphoton
		  channel at CDF}},
  volume	= {D83},
  year		= {2011}
}

@article{	  aaltonen:2010ws,
  archiveprefix	= {arXiv},
  author	= {T. Aaltonen and others},
  collaboration	= {CDF},
  doi		= {10.1103/PhysRevLett.104.241801},
  eprint	= {1004.4946},
  journal	= {Phys. Rev. Lett.},
  pages		= {241801},
  primaryclass	= {hep-ex},
  title		= {{Search for $WW$ and $WZ$ resonances decaying to electron,
		  missing $E_T$, and two jets in $p\bar{p}$ collisions at
		  $\sqrt{s}=1.96$ TeV}},
  volume	= {104},
  year		= {2010}
}

@misc{CMS-PAS-FTR-16-006,
      title         = "{ECFA 2016: Prospects for selected standard model
                       measurements with the CMS experiment at the High-Luminosity
                       LHC}",
      institution   = "CERN",
      collaboration = "CMS",
      number        = "CMS-PAS-FTR-16-006",
      year          = "2017",
      howpublished  = "\url{https://cds.cern.ch/record/2262606}",
}

@misc{CMS:2018iot,
      title          = "{Performance of missing transverse momentum in pp
                        collisions at $\sqrt{s}$=13 TeV using the CMS detector}",
      collaboration  = "CMS",
      institution	= "CERN",
      year           = "2018",
      number   = "CMS-PAS-JME-17-001",
      howpublished = "\url{https://cds.cern.ch/record/2628600}",
      SLACcitation   = "%%CITATION = CMS-PAS-JME-17-001;%%"
}


@misc{CMS:2018tip,
      title          = "{Search for invisible decays of a Higgs boson produced
                        through vector boson fusion at the High-Luminosity LHC}",
      collaboration  = "CMS",
      year           = "2018",
      institution = "CERN",
      number   = "CMS-PAS-FTR-18-016",
      howpublished = "\url{https://cds.cern.ch/record/2647700}",
      SLACcitation   = "%%CITATION = CMS-PAS-FTR-18-016;%%"
}

@article{Sirunyan:2018owy,
      author         = "Sirunyan, Albert M and others",
      title          = "{Search for invisible decays of a Higgs boson produced
                        through vector boson fusion in proton-proton collisions at
                        $\sqrt{s} =$ 13 TeV}",
      collaboration  = "CMS",
      journal        = "Submitted to: Phys. Lett.",
      year           = "2018",
      eprint         = "1809.05937",
      archivePrefix  = "arXiv",
      primaryClass   = "hep-ex",
      reportNumber   = "CMS-HIG-17-023, CERN-EP-2018-139",
      SLACcitation   = "%%CITATION = ARXIV:1809.05937;%%"
}

@article{	  aamodt:2008zz,
  author	= {K. Aamodt and others},
  collaboration	= {ALICE},
  doi		= {10.1088/1748-0221/3/08/S08002},
  journal	= {JINST},
  pages		= {S08002},
  slaccitation	= {%%CITATION = JINST,3,S08002;%%},
  title		= {{The ALICE experiment at the CERN LHC}},
  volume	= {3},
  year		= {2008}
}

%% Saved with string encoding Unicode (UTF-8)
@article{	  abazov:2005pi,
  archiveprefix	= {arXiv},
  author	= {V. M. Abazov and others},
  collaboration	= {D0},
  doi		= {10.1103/PhysRevLett.95.091801},
  eprint	= {hep-ex/0505018},
  journal	= {Phys. Rev. Lett.},
  pages		= {091801},
  primaryclass	= {hep-ex},
  title		= {{Search for Randall-Sundrum gravitons in dilepton and
		  diphoton final states}},
  volume	= {95},
  year		= {2005}
}

@article{	  abazov:2007ra,
  archiveprefix	= {arXiv},
  author	= {V. M. Abazov and others},
  collaboration	= {D0},
  doi		= {10.1103/PhysRevLett.100.091802},
  eprint	= {0710.3338},
  journal	= {Phys. Rev. Lett.},
  pages		= {091802},
  primaryclass	= {hep-ex},
  title		= {{Search for Randall-Sundrum gravitons with 1 fb$^{-1}$ of
		  data from $p\bar{p}$ collisions at $\sqrt{s}$ = 1.96 TeV}},
  volume	= {100},
  year		= {2008}
}

@article{Sirunyan:2018ryr,
      author         = "Sirunyan, Albert M and others",
      title          = "{Search for resonant $\mathrm{t \bar{t}}$ production in
                        proton-proton collisions at $\sqrt{s}=$ 13 TeV}",
      collaboration  = "CMS",
      journal        = "Submitted to: JHEP",
      year           = "2018",
      eprint         = "1810.05905",
      archivePrefix  = "arXiv",
      primaryClass   = "hep-ex",
      reportNumber   = "CMS-B2G-17-017, CERN-EP-2018-254",
      SLACcitation   = "%%CITATION = ARXIV:1810.05905;%%"
}

@article{	  abazov:2010dj,
  archiveprefix	= {arXiv},
  author	= {Victor Mukhamedovich Abazov and others},
  collaboration	= {D0},
  doi		= {10.1103/PhysRevLett.107.011801},
  eprint	= {1011.6278},
  journal	= {Phys.Rev.Lett.},
  pages		= {011801},
  primaryclass	= {hep-ex},
  reportnumber	= {FERMILAB-PUB-10-485-E},
  slaccitation	= {%%CITATION = ARXIV:1011.6278;%%},
  title		= {{Search for resonant WW and WZ production in ppbar
		  collisions at $\sqrt{s}$ = 1.96 TeV}},
  volume	= {107},
  year		= {2011}
}

@article{	  abazov:2010xh,
  archiveprefix	= {arXiv},
  author	= {V. M. Abazov and others},
  collaboration	= {D0},
  doi		= {10.1103/PhysRevLett.104.241802},
  eprint	= {1004.1826},
  journal	= {Phys. Rev. Lett.},
  pages		= {241802},
  primaryclass	= {hep-ex},
  title		= {{Search for Randall-Sundrum gravitons in the dielectron
		  and diphoton final states with 5.4 fb$^{-1}$ of data from
		  $p\bar{p}$ collisions at $\sqrt{s}$ =1.96 TeV}},
  volume	= {104},
  year		= {2010}
}

@article{	  abazov:2011ng,
  archiveprefix	= {arXiv},
  author	= {Abazov, Victor Mukhamedovich and others},
  collaboration	= {D0},
  eprint	= {1112.4092},
  journal	= {Phys.Rev.Lett.},
  pages		= {131802},
  primaryclass	= {hep-ex},
  reportnumber	= {FERMILAB-PUB-11-663-E},
  slaccitation	= {%%CITATION = ARXIV:1112.4092;%%},
  title		= {{Search for universal extra dimensions in $p\bar{p}$
		  collisions}},
  volume	= {108},
  year		= {2012}
}

@article{	  abercrombie:2015wmb,
  author	= "Abercrombie, Daniel and others",
  editor	= "Boveia, Antonio and Doglioni, Caterina and Lowette, Steven
		  and Malik, Sarah and Mrenna, Stephen",
  title		= "{Dark Matter Benchmark Models for Early LHC Run-2
		  Searches: Report of the ATLAS/CMS Dark Matter Forum}",
  year		= "2015",
  eprint	= "1507.00966",
  archiveprefix	= "arXiv",
  primaryclass	= "hep-ex",
  reportnumber	= "FERMILAB-PUB-15-282-CD",
  slaccitation	= "%%CITATION = ARXIV:1507.00966;%%"
}

@article{	  abulencia:2005nf,
  archiveprefix	= {arXiv},
  author	= {A. Abulencia and others},
  collaboration	= {CDF},
  doi		= {10.1103/PhysRevLett.95.252001},
  eprint	= {hep-ex/0507104},
  journal	= {Phys. Rev. Lett.},
  pages		= {252001},
  title		= {{Search for new high mass particles decaying to lepton
		  pairs in $p\bar{p}$ collisions at $\sqrt{s} = 1.96$ TeV}},
  volume	= {95},
  year		= {2005}
}

@article{	  abulencia:2006kk,
  archiveprefix	= {arXiv},
  author	= {A. Abulencia and others},
  collaboration	= {CDF},
  doi		= {10.1103/PhysRevLett.97.171802},
  eprint	= {hep-ex/0605101},
  journal	= {Phys.Rev.Lett.},
  pages		= {171802},
  primaryclass	= {hep-ex},
  reportnumber	= {FERMILAB-PUB-06-079-E},
  slaccitation	= {%%CITATION = HEP-EX/0605101;%%},
  title		= {{Search for Large Extra Dimensions in the Production of
		  Jets and Missing Transverse Energy in p anti-p Collisions
		  at s**(1/2) = 1.96 TeV}},
  volume	= {97},
  year		= {2006}
}

@article{	  acosta:2003tz,
  archiveprefix	= {arXiv},
  author	= {D. Acosta},
  collaboration	= {CDF},
  doi		= {10.1103/PhysRevLett.92.121802},
  eprint	= {hep-ex/0309051},
  journal	= {Phys. Rev. Lett.},
  pages		= {121802},
  primaryclass	= {hep-ex},
  title		= {{Search for Kaluza-Klein graviton emission in $p\bar{p}$
		  collisions at $\sqrt{s}$ = 1.8 TeV using the missing energy
		  signature}},
  volume	= {92},
  year		= {2004}
}

@article{	  adam:2005cg,
  author	= {W. Adam and B. Mangano and T. Speer and T. Todorov},
  journal	= {CERN-CMS-NOTE-2006-041},
  reportnumber	= {CERN-CMS-NOTE-2006-041},
  slaccitation	= {%%CITATION = CERN-CMS-NOTE-2006-041 ETC.;%%},
  title		= {{Track reconstruction in the CMS tracker}},
  year		= {2005}
}

@article{	  adam:2015rua,
  author	= "Adam, R. and others",
  title		= "{Planck 2015 results. I. Overview of products and
		  scientific results}",
  collaboration	= "Planck",
  year		= "2015",
  eprint	= "1502.01582",
  archiveprefix	= "arXiv",
  primaryclass	= "astro-ph.CO",
  slaccitation	= "%%CITATION = ARXIV:1502.01582;%%"
}

@article{	  ade:2013zuv,
  author	= "Ade, P. A. R. and others",
  title		= "{Planck 2013 results. XVI. Cosmological parameters}",
  collaboration	= "Planck",
  journal	= "Astron. Astrophys.",
  volume	= "571",
  year		= "2014",
  pages		= "A16",
  doi		= "10.1051/0004-6361/201321591",
  eprint	= "1303.5076",
  archiveprefix	= "arXiv",
  primaryclass	= "astro-ph.CO",
  reportnumber	= "CERN-PH-TH-2013-129",
  slaccitation	= "%%CITATION = ARXIV:1303.5076;%%"
}

@article{	  ade:2015xua,
  author	= "Ade, P. A. R. and others",
  title		= "{Planck 2015 results. XIII. Cosmological parameters}",
  collaboration	= "Planck",
  journal	= "Astron. Astrophys.",
  volume	= "594",
  year		= "2016",
  pages		= "A13",
  doi		= "10.1051/0004-6361/201525830",
  eprint	= "1502.01589",
  archiveprefix	= "arXiv",
  primaryclass	= "astro-ph.CO",
  slaccitation	= "%%CITATION = ARXIV:1502.01589;%%"
}

@article{	  adelberger:2009zz,
  author	= {E. G. Adelberger and J. H. Gundlach and B. R. Heckel and
		  S. Hoedl and S. Schlamminger},
  doi		= {10.1016/j.ppnp.2008.08.002},
  journal	= {Prog.Part.Nucl.Phys.},
  pages		= {102--134},
  slaccitation	= {%%CITATION = PPNPD,62,102;%%},
  title		= {{Torsion balance experiments: A low-energy frontier of
		  particle physics}},
  volume	= {62},
  year		= {2009}
}

@article{	  agashe:2007zd,
  archiveprefix	= {arXiv},
  author	= {Agashe, Kaustubh and Davoudiasl, Hooman and Perez, Gilad
		  and Soni, Amarjit},
  doi		= {10.1103/PhysRevD.76.036006},
  eprint	= {hep-ph/0701186},
  journal	= {Phys.Rev.},
  pages		= {036006},
  primaryclass	= {hep-ph},
  reportnumber	= {SU-4252-843, BNL-HET-07-3, YITP-SB-07-02},
  slaccitation	= {%%CITATION = HEP-PH/0701186;%%},
  title		= {{Warped Gravitons at the LHC and Beyond}},
  volume	= {D76},
  year		= {2007}
}

@article{	  agashe:2014kda,
  author	= "Olive, K. A. and others",
  title		= "{Review of Particle Physics}",
  collaboration	= "Particle Data Group",
  journal	= "Chin. Phys.",
  volume	= "C38",
  year		= "2014",
  pages		= "090001",
  doi		= "10.1088/1674-1137/38/9/090001",
  slaccitation	= "%%CITATION = CHPHD,C38,090001;%%"
}

@techreport{	  aggleton:2287640,
  author	= "Aggleton, Robin Cameron and Ardila Perez, Luis Eduardo and
		  Ball, Fionn Amhairghen and Balzer, Matthias Norbert and
		  Boudoul, Gaelle and Brooke, James John and Caselle, Michele
		  and Calligaris, Luigi and Cieri, Davide and Clement, Emyr
		  John and Dutta, Suchandra and Hall, Geoffrey and Harder,
		  Kristian and Hobson, Peter and Iles, Gregory Michiel and
		  James, Thomas Owen and Manolopoulos, Konstantinos and
		  Matsushita, Takashi and Morton, Alexander and Newbold,
		  David and Paramesvaran, Sudarshan and Pesaresi, Mark Franco
		  and Pozzobon, Nicola and Reid, Ivan and Rose, A. W and
		  Sander, Oliver and Shepherd-Themistocleous, Claire and
		  Shtipliyski, Antoni and Schuh, Thomas and Skinnari, Louise
		  and Summers, Sioni Paris and Tapper, Alexander and Tomalin,
		  Ian and Thea, Alessandro and Uchida, Kirika and Vichoudis,
		  Paschalis and Viret, Sebastien and Weber, M",
  title		= "{An FPGA-Based Track Finder for the L1 Trigger of the CMS
		  Experiment at the High Luminosity LHC}",
  institution	= "CERN",
  collaboration	= "CMS",
  address	= "Geneva",
  year		= "2017",
  number	= "CMS-NOTE-2017-009",
  reportnumber	= "CMS-NOTE-2017-009",
  note		= "\url{https://cds.cern.ch/record/2287640}"
}

@article{Amadio:2015hgb,
	Author = {Amadio, G. and others},
	Booktitle = {{Proceedings, 21st International Conference on Computing in High Energy and Nuclear Physics (CHEP 2015): Okinawa, Japan, April 13-17, 2015}},
	Doi = {10.1088/1742-6596/664/7/072006},
	Journal = {J. Phys. Conf. Ser.},
	Number = {7},
	Pages = {072006},
	Reportnumber = {FERMILAB-CONF-15-598-CD},
	Slaccitation = {%%CITATION = 00462,664,072006;%%},
	Title = {{The GeantV project: preparing the future of simulation}},
	Volume = {664},
	Year = {2015},
	Bdsk-Url-1 = {https://doi.org/10.1088/1742-6596/664/7/072006}}

@article{	  agostinelli:2002hh,
  author	= {S. Agostinelli and others},
  collaboration	= {GEANT4},
  doi		= {10.1016/S0168-9002(03)01368-8},
  journal	= {Nucl. Instrum. Meth.},
  pages		= {250--303},
  title		= {{GEANT4: A Simulation toolkit}},
  volume	= {A506},
  year		= {2003}
}

@article{	  agostino:2009ic,
  archiveprefix	= {arXiv},
  author	= {L. Agostino and G. Bauer and B. Beccati and U. Behrens and
		  J. Berryhil and others},
  doi		= {10.1088/1748-0221/4/10/P10005},
  eprint	= {0908.1065},
  journal	= {JINST},
  pages		= {P10005},
  primaryclass	= {physics.ins-det},
  reportnumber	= {FERMILAB-PUB-09-542-CMS},
  slaccitation	= {%%CITATION = ARXIV:0908.1065;%%},
  title		= {{Commissioning of the CMS High Level Trigger}},
  volume	= {4},
  year		= {2009}
}

@article{	  aguilar:2013qda,
  author	= {Aguilar, M. and others},
  collaboration	= {AMS},
  doi		= {10.1103/PhysRevLett.110.141102},
  journal	= {Phys.Rev.Lett.},
  pages		= {141102},
  slaccitation	= {%%CITATION = PRLTA,110,141102;%%},
  title		= {{First Result from the Alpha Magnetic Spectrometer on the
		  International Space Station: Precision Measurement of the
		  Positron Fraction in Primary Cosmic Rays of 0.5--350 GeV}},
  volume	= {110},
  year		= {2013}
}

@article{	  akerib:2012ys,
  archiveprefix	= {arXiv},
  author	= {Akerib, D.S. and others},
  collaboration	= {LUX},
  doi		= {10.1016/j.nima.2012.11.135},
  eprint	= {1211.3788},
  journal	= {Nucl.Instrum.Meth.},
  pages		= {111-126},
  primaryclass	= {physics.ins-det},
  slaccitation	= {%%CITATION = ARXIV:1211.3788;%%},
  title		= {{The Large Underground Xenon (LUX) Experiment}},
  volume	= {A704},
  year		= {2013}
}

@article{Aprile:2017iyp,
      author         = "Aprile, E. and others",
      title          = "{First Dark Matter Search Results from the XENON1T
                        Experiment}",
      collaboration  = "XENON",
      journal        = "Phys. Rev. Lett.",
      volume         = "119",
      year           = "2017",
      number         = "18",
      pages          = "181301",
      doi            = "10.1103/PhysRevLett.119.181301",
      eprint         = "1705.06655",
      archivePrefix  = "arXiv",
      primaryClass   = "astro-ph.CO",
      SLACcitation   = "%%CITATION = ARXIV:1705.06655;%%"
}

@article{Sirunyan:2017wgx,
      author         = "Sirunyan, Albert M and others",
      title          = "{Measurement of the differential cross sections for the
                        associated production of a $W$ boson and jets in
                        proton-proton collisions at $\sqrt{s}=13$ TeV}",
      collaboration  = "CMS",
      journal        = "Phys. Rev.",
      volume         = "D96",
      year           = "2017",
      number         = "7",
      pages          = "072005",
      doi            = "10.1103/PhysRevD.96.072005",
      eprint         = "1707.05979",
      archivePrefix  = "arXiv",
      primaryClass   = "hep-ex",
      reportNumber   = "CMS-SMP-16-005, CERN-EP-2017-142",
      SLACcitation   = "%%CITATION = ARXIV:1707.05979;%%"
}


@article{Sirunyan:2017isc,
      author         = "Sirunyan, A. M. and others",
      title          = "{Search for a massive resonance decaying to a pair of
                        Higgs bosons in the four b quark final state in
                        proton-proton collisions at $\sqrt{s}=$ 13 TeV}",
      collaboration  = "CMS",
      journal        = "Phys. Lett.",
      volume         = "B781",
      year           = "2018",
      pages          = "244-269",
      doi            = "10.1016/j.physletb.2018.03.084",
      eprint         = "1710.04960",
      archivePrefix  = "arXiv",
      primaryClass   = "hep-ex",
      reportNumber   = "CMS-B2G-16-026, CERN-EP-2017-238",
      SLACcitation   = "%%CITATION = ARXIV:1710.04960;%%"
}

@article{Sirunyan:2018qca,
      author         = "Sirunyan, Albert M and others",
      title          = "{Search for production of Higgs boson pairs in the four b
                        quark final state using large-area jets in proton-proton
                        collisions at $\sqrt{s}=$ 13 TeV}",
      collaboration  = "CMS",
      journal        = "JHEP",
      volume         = "01",
      year           = "2019",
      pages          = "040",
      doi            = "10.1007/JHEP01(2019)040",
      eprint         = "1808.01473",
      archivePrefix  = "arXiv",
      primaryClass   = "hep-ex",
      reportNumber   = "CMS-B2G-17-019, CERN-EP-2018-195",
      SLACcitation   = "%%CITATION = ARXIV:1808.01473;%%"
}



@article{	  aleph:2005ab,
  archiveprefix	= {arXiv},
  collaboration	= {ALEPH, DELPHI, L3, OPAL, and SLD Collaborations, LEP
		  Electroweak Working Group, SLD Electroweak Group, SLD Heavy
		  Flavour Group},
  doi		= {10.1016/j.physrep.2005.12.006},
  eprint	= {hep-ex/0509008},
  journal	= {Phys.Rept.},
  key		= {691576},
  pages		= {257--454},
  primaryclass	= {hep-ex},
  reportnumber	= {SLAC-R-774},
  slaccitation	= {%%CITATION = HEP-EX/0509008;%%},
  title		= {{Precision electroweak measurements on the $Z$
		  resonance}},
  volume	= {427},
  year		= {2006}
}

@article{	  allanach:2002gn,
  archiveprefix	= {arXiv},
  author	= {B. C. Allanach and K. Odagiri and M. J. Palmer and M. A.
		  Parker and A. Sabetfakhri and others},
  eprint	= {hep-ph/0211205},
  journal	= {JHEP},
  pages		= {039},
  primaryclass	= {hep-ph},
  title		= {{Exploring small extra dimensions at the large hadron
		  collider}},
  volume	= {0212},
  year		= {2002}
}

@article{	  altarelli,
  author	= {Altarelli, G. and Mele, B. and Ruiz-Altaba, M.},
  doi		= {10.1007/BF01556677},
  issn		= {0170-9739},
  language	= {English},
  number	= {1},
  pages		= {109-121},
  publisher	= {Springer-Verlag},
  title		= {Searching for new heavy vector bosons in $p\bar{p}$
		  colliders},
  url		= {http://dx.doi.org/10.1007/BF01556677},
  volume	= {45},
  year		= {1989}
}

@article{	  altarelli:1989ff,
  author	= {Altarelli, Guido and Mele, B. and Ruiz-Altaba, M.},
  doi		= {10.1007/BF01556677},
  journal	= {Z.Phys.},
  pages		= {109},
  reportnumber	= {CERN-TH-5323-89},
  slaccitation	= {%%CITATION = ZEPYA,C45,109;%%},
  title		= {{SEARCHING FOR NEW HEAVY VECTOR BOSONS IN p anti-p
		  COLLIDERS}},
  volume	= {C45},
  year		= {1989}
}

@article{	  altheimer:2012mn,
  archiveprefix	= {arXiv},
  author	= {Altheimer, A. and Arora, S. and Asquith, L. and
		  Brooijmans, G. and Butterworth, J. and others},
  doi		= {10.1088/0954-3899/39/6/063001},
  eprint	= {1201.0008},
  journal	= {J.Phys.},
  pages		= {063001},
  primaryclass	= {hep-ph},
  reportnumber	= {SLAC-R-990},
  slaccitation	= {%%CITATION = ARXIV:1201.0008;%%},
  title		= {{Jet Substructure at the Tevatron and LHC: New results,
		  new tools, new benchmarks}},
  volume	= {G39},
  year		= {2012}
}

@article{	  alves:2008zz,
  author	= {Jr. {Alves, A.Augusto} and others},
  collaboration	= {LHCb},
  doi		= {10.1088/1748-0221/3/08/S08005},
  journal	= {JINST},
  pages		= {S08005},
  slaccitation	= {%%CITATION = JINST,3,S08005;%%},
  title		= {{The LHCb Detector at the LHC}},
  volume	= {3},
  year		= {2008}
}

@article{	  alwall:2014hca,
  author	= "Alwall, J. and Frederix, R. and Frixione, S. and Hirschi,
		  V. and Maltoni, F. and Mattelaer, O. and Shao, H. -S. and
		  Stelzer, T. and Torrielli, P. and Zaro, M.",
  title		= "{The automated computation of tree-level and
		  next-to-leading order differential cross sections, and
		  their matching to parton shower simulations}",
  journal	= "JHEP",
  volume	= "07",
  year		= "2014",
  pages		= "079",
  doi		= "10.1007/JHEP07(2014)079",
  eprint	= "1405.0301",
  archiveprefix	= "arXiv",
  primaryclass	= "hep-ph",
  reportnumber	= "CERN-PH-TH-2014-064, CP3-14-18, LPN14-066, MCNET-14-09,
		  ZU-TH-14-14",
  slaccitation	= "%%CITATION = ARXIV:1405.0301;%%"
}

@article{	  an-2011-226,
  author	= {{T. R. F. P. Tomei, S. F. Novaes} and M. Spiropulu and M.
		  Pierini},
  journal	= {CMS Analysis Note},
  note		= {Restricted to CMS members},
  title		= {{Search for Randall-Sundrum Gravitons Decaying into a Jet
		  plus Missing $\textrm{E}_\textrm{T}$ at CMS}},
  volume	= {AN-2011/226},
  year		= {2011}
}

@article{	  an-2013-040,
  author	= {T. R. F. P. Tomei and others},
  journal	= {CMS Analysis Note},
  note		= {Restricted to CMS members},
  title		= {{Search for a BSM resonance decaying to Z vector bosons in
		  the semileptonic final state}},
  volume	= {AN-2013/040},
  year		= {2013}
}

@article{	  an-2013-045,
  author	= {T. R. F. P. Tomei and others},
  journal	= {CMS Analysis Note},
  note		= {Restricted to CMS members},
  title		= {{Search for a BSM resonance decaying to W vector bosons in
		  the semileptonic final state}},
  volume	= {AN-2013/045},
  year		= {2013}
}

@article{	  an-2013-381,
  author	= {T. R. F. P. Tomei and others},
  journal	= {CMS Analysis Note},
  note		= {Restricted to CMS members},
  title		= {{Search for a BSM resonance decaying to W vector bosons in
		  the semileptonic final state (update of EXO-12-021 using
		  22Jan2013 rereco)}},
  volume	= {AN-2013/381},
  year		= {2013}
}

@article{	  an-2013-393,
  author	= {T. R. F. P. Tomei and others},
  journal	= {CMS Analysis Note},
  note		= {Restricted to CMS members},
  title		= {{Search for a BSM resonance decaying to Z vector bosons in
		  the semileptonic final state (update of EXO-12-022)}},
  volume	= {AN-2013/393},
  year		= {2013}
}

@article{	  antipin:2007pi,
  archiveprefix	= {arXiv},
  author	= {Antipin, Oleg and Atwood, David and Soni, Amarjit},
  doi		= {10.1016/j.physletb.2008.07.009},
  eprint	= {0711.3175},
  journal	= {Phys.Lett.},
  pages		= {155-161},
  primaryclass	= {hep-ph},
  reportnumber	= {BNL-HET-07-20},
  slaccitation	= {%%CITATION = ARXIV:0711.3175;%%},
  title		= {{Search for RS gravitons via W(L)W(L) decays}},
  volume	= {B666},
  year		= {2008}
}

@article{	  antoniadis:1998ig,
  archiveprefix	= {arXiv},
  author	= {I. Antoniadis and N. Arkani-Hamed and S. Dimopoulos and G.
		  R. Dvali},
  doi		= {10.1016/S0370-2693(98)00860-0},
  eprint	= {hep-ph/9804398},
  journal	= {Phys. Lett.},
  pages		= {257--263},
  primaryclass	= {hep-ph},
  title		= {{New dimensions at a millimeter to a Fermi and
		  superstrings at a TeV}},
  volume	= {B436},
  year		= {1998}
}

@article{	  appelquist:2000nn,
  archiveprefix	= {arXiv},
  author	= {Thomas Appelquist and Hsin-Chia Cheng and Bogdan A.
		  Dobrescu},
  doi		= {10.1103/PhysRevD.64.035002},
  eprint	= {hep-ph/0012100},
  journal	= {Phys.Rev.},
  pages		= {035002},
  primaryclass	= {hep-ph},
  reportnumber	= {YCTP-P12-00, EFI-2000-48},
  slaccitation	= {%%CITATION = HEP-PH/0012100;%%},
  title		= {{Bounds on universal extra dimensions}},
  volume	= {D64},
  year		= {2001}
}

@article{	  aprile:2011dd,
  archiveprefix	= {arXiv},
  author	= {Aprile, E. and others},
  collaboration	= {XENON100},
  doi		= {10.1016/j.astropartphys.2012.01.003},
  eprint	= {1107.2155},
  journal	= {Astropart.Phys.},
  pages		= {573-590},
  primaryclass	= {astro-ph.IM},
  slaccitation	= {%%CITATION = ARXIV:1107.2155;%%},
  title		= {{The XENON100 Dark Matter Experiment}},
  volume	= {35},
  year		= {2012}
}

@article{	  arkanihamed:1998rs,
  archiveprefix	= {arXiv},
  author	= {Nima Arkani-Hamed and Savas Dimopoulos and G. R. Dvali},
  doi		= {10.1016/S0370-2693(98)00466-3},
  eprint	= {hep-ph/9803315},
  journal	= {Phys.Lett.},
  pages		= {263--272},
  primaryclass	= {hep-ph},
  reportnumber	= {SLAC-PUB-7769, SU-ITP-98-13},
  slaccitation	= {%%CITATION = HEP-PH/9803315;%%},
  title		= {{The Hierarchy problem and new dimensions at a
		  millimeter}},
  volume	= {B429},
  year		= {1998}
}

@article{	  arkanihamed:2002qy,
  archiveprefix	= {arXiv},
  author	= {Arkani-Hamed, N. and Cohen, A.G. and Katz, E. and Nelson,
		  A.E.},
  doi		= {10.1088/1126-6708/2002/07/034},
  eprint	= {hep-ph/0206021},
  journal	= {JHEP},
  pages		= {034},
  primaryclass	= {hep-ph},
  reportnumber	= {UW-PT-01-07, HUTP-02-A017, BUHEP-02-23},
  slaccitation	= {%%CITATION = HEP-PH/0206021;%%},
  title		= {{The Littlest Higgs}},
  volume	= {0207},
  year		= {2002}
}

@article{	  arnison:1983mk,
  author	= {G. Arnison and others},
  collaboration	= {UA1},
  doi		= {10.1016/0370-2693(83)90188-0},
  journal	= {Phys.Lett.},
  pages		= {398--410},
  reportnumber	= {CERN-EP-83-73},
  slaccitation	= {%%CITATION = PHLTA,B126,398;%%},
  title		= {{Experimental Observation of Lepton Pairs of Invariant
		  Mass Around 95-GeV/c**2 at the CERN SPS Collider}},
  volume	= {B126},
  year		= {1983}
}

}
@article{	  arnison:1983rp,
  author	= {G. Arnison and others},
  collaboration	= {UA1},
  journal	= {Phys.Lett.},
  pages		= {103--116},
  reportnumber	= {CERN-EP-83-13},
  slaccitation	= {%%CITATION = PHLTA,B122,103;%%},
  title		= {{Experimental Observation of Isolated Large Transverse
		  Energy Electrons with Associated Missing Energy at s**(1/2)
		  = 540-GeV}},
  volume	= {B122},
  year		= {1983}
}

@article{	  asymptcls,
  author	= {{G.~Cowan, K.~Cranmer, E.~Gross, O.~Vitells}},
  eprint	= {physics/1007.1727v2},
  journal	= {Eur.~Phys.~J.},
  pages		= {1554},
  title		= {Asymptotic formulae for likelihood based tests of new
		  physics},
  volume	= {C71},
  year		= {2011}
}

@unpublished{	  atlas:2011aa,
  archiveprefix	= {arXiv},
  author	= {{ATLAS Collaboration}},
  collaboration	= {ATLAS},
  eprint	= {1112.2577},
  note		= {Submitted to \textit{Phys. Rev. Lett.}},
  primaryclass	= {hep-ex},
  slaccitation	= {%%CITATION = 1112.2577;%%},
  title		= {Search for the {H}iggs boson in the {$H\to$WW(*)$\to
		  \ell^+ \nu \ell^- \bar{\nu}$} decay channel in pp
		  collisions at $\sqrt{s}$ = 7 {TeV} with the {ATLAS} detector},
  year		= {2011}
}

@article{	  atlasvv,
  author	= "Aad, Georges and others",
  title		= "{Search for high-mass diboson resonances with boson-tagged
		  jets in proton-proton collisions at $\sqrt{s} = 8$ TeV with
		  the ATLAS detector}",
  collaboration	= "ATLAS",
  year		= "2015",
  eprint	= "1506.00962",
  archiveprefix	= "arXiv",
  primaryclass	= "hep-ex",
  reportnumber	= "CERN-PH-EP-2015-115",
  slaccitation	= "%%CITATION = ARXIV:1506.00962;%%"
}

@article{	  atlaswv,
  author	= "Aad, Georges and others",
  title		= "{Search for production of $WW/WZ$ resonances decaying to a
		  lepton, neutrino and jets in $pp$ collisions at
		  $\sqrt{s}=8$ TeV with the ATLAS detector}",
  collaboration	= "ATLAS",
  journal	= "Eur. Phys. J. C",
  volume	= "75",
  year		= "2015",
  number	= "5",
  pages		= "209",
  doi		= "10.1140/epjc/s10052-015-3593-4,
		  10.1140/epjc/s10052-015-3425-6",
  note		= "[Erratum: Eur. Phys. J.C75,370(2015)]",
  eprint	= "1503.04677",
  archiveprefix	= "arXiv",
  primaryclass	= "hep-ex",
  reportnumber	= "CERN-PH-EP-2015-044",
  slaccitation	= "%%CITATION = ARXIV:1503.04677;%%"
}

@article{	  atlaszv,
  author	= "Aad, Georges and others",
  title		= "{Search for resonant diboson production in the $\mathrm
		  {\ell \ell }q\bar{q}$ final state in $pp$ collisions at
		  $\sqrt{s} = 8$ TeV with the ATLAS detector}",
  collaboration	= "ATLAS",
  journal	= "Eur. Phys. J. C",
  volume	= "75",
  year		= "2015",
  pages		= "69",
  doi		= "10.1140/epjc/s10052-015-3261-8",
  eprint	= "1409.6190",
  archiveprefix	= "arXiv",
  primaryclass	= "hep-ex",
  reportnumber	= "CERN-PH-EP-2014-211",
  slaccitation	= "%%CITATION = ARXIV:1409.6190;%%"
}

@article{	  bagnaia:1983zx,
  author	= {P. Bagnaia and others},
  collaboration	= {UA2},
  doi		= {10.1016/0370-2693(83)90744-X},
  journal	= {Phys.Lett.},
  pages		= {130--140},
  reportnumber	= {CERN-EP-83-112},
  slaccitation	= {%%CITATION = PHLTA,B129,130;%%},
  title		= {{Evidence for Z0 $\to$ e+ e- at the CERN anti-p p
		  Collider}},
  volume	= {B129},
  year		= {1983}
}

@article{	  bahr:2008pv,
  archiveprefix	= {arXiv},
  author	= {M. Bahr and S. Gieseke and M. A. Gigg and D. Grellscheid
		  and K. Hamilton and others},
  doi		= {10.1140/epjc/s10052-008-0798-9},
  eprint	= {0803.0883},
  journal	= {Eur. Phys. J.},
  pages		= {639--707},
  primaryclass	= {hep-ph},
  title		= {{Herwig++ Physics and Manual}},
  volume	= {C58},
  year		= {2008}
}

@article{	  ball:2007zza,
  author	= {G. L. Bayatian and others},
  collaboration	= {CMS},
  doi		= {10.1088/0954-3899/34/6/S01},
  journal	= {J.Phys.G},
  pages		= {995--1579},
  reportnumber	= {CERN-LHCC-2006-021, CMS-TDR-008-2},
  slaccitation	= {%%CITATION = JPHGB,G34,995;%%},
  title		= {{CMS technical design report, volume II: Physics
		  performance}},
  volume	= {G34},
  year		= {2007}
}

@article{	  ball:2008by,
  archiveprefix	= {arXiv},
  author	= {Richard D. Ball and others},
  collaboration	= {NNPDF},
  doi		= {10.1016/j.nuclphysb.2008.09.037},
  eprint	= {0808.1231},
  journal	= {Nucl.Phys.},
  pages		= {1--63},
  primaryclass	= {hep-ph},
  reportnumber	= {EDINBURGH-2008-25, IFUM-923-FT, FREIBURG-2008-08},
  slaccitation	= {%%CITATION = ARXIV:0808.1231;%%},
  title		= {{A Determination of parton distributions with faithful
		  uncertainty estimation}},
  volume	= {B809},
  year		= {2009}
}

@article{	  ball:2010de,
  archiveprefix	= {arXiv},
  author	= {Richard D. Ball and Luigi Del Debbio and Stefano Forte and
		  Alberto Guffanti and Jose I. Latorre and others},
  doi		= {10.1016/j.nuclphysb.2010.05.008},
  eprint	= {1002.4407},
  journal	= {Nucl.Phys.},
  pages		= {136--206},
  primaryclass	= {hep-ph},
  reportnumber	= {EDINBURGH-2010-05, IFUM-952-FT, FR-PHENO-2010-014,
		  CP3-10-08},
  slaccitation	= {%%CITATION = ARXIV:1002.4407;%%},
  title		= {{A first unbiased global NLO determination of parton
		  distributions and their uncertainties}},
  volume	= {B838},
  year		= {2010}
}

@article{	  banner:1983jy,
  author	= {M. Banner and others},
  collaboration	= {UA2},
  doi		= {10.1016/0370-2693(83)91605-2},
  journal	= {Phys.Lett.},
  pages		= {476--485},
  reportnumber	= {CERN-EP-83-25},
  slaccitation	= {%%CITATION = PHLTA,B122,476;%%},
  title		= {{Observation of Single Isolated Electrons of High
		  Transverse Momentum in Events with Missing Transverse
		  Energy at the CERN anti-p p Collider}},
  volume	= {B122},
  year		= {1983}
}

@article{	  bawej:2015tmz,
  author	= "Bawej, Tomasz and others",
  title		= "{The New CMS DAQ System for Run-2 of the LHC}",
  booktitle	= "{Proceedings, 19th Real Time Conference (RT2014)}",
  journal	= "IEEE Trans. Nucl. Sci.",
  volume	= "62",
  year		= "2015",
  number	= "3",
  pages		= "1099-1103",
  doi		= "10.1109/TNS.2015.2426216",
  slaccitation	= "%%CITATION = IETNA,62,1099;%%"
}

@article{	  bayatian:2006zz,
  author	= {G. L. Bayatian and others},
  collaboration	= {CMS},
  journal	= {CMS-TDR-008-1},
  reportnumber	= {CERN-LHCC-2006-001, CMS-TDR-008-1},
  slaccitation	= {%%CITATION = CERN-LHCC-2006-001 ETC.;%%},
  title		= {{CMS physics: Technical design report}},
  year		= {2006}
}

@misc{		  beaudette:2005zz,
  author	= {F. Beaudette},
  note		= {INSPIRE-707266},
  pages		= {187--190},
  slaccitation	= {%%CITATION = INSPIRE-707266;%%},
  title		= {{FAMOS, a FAst MOnte-Carlo Simulation for CMS}},
  year		= {2005}
}

@article{	  begeman:1991iy,
  author	= "Begeman, K. G. and Broeils, A. H. and Sanders, R. H.",
  title		= "{Extended rotation curves of spiral galaxies: Dark haloes
		  and modified dynamics}",
  journal	= "Mon. Not. Roy. Astron. Soc.",
  volume	= "249",
  year		= "1991",
  pages		= "523",
  slaccitation	= "%%CITATION = MNRAA,249,523;%%"
}

@article{	  bellazzini:2014yua,
  archiveprefix	= {arXiv},
  doi		= {10.1140/epjc/s10052-014-2766-x},
  eprint	= {1401.2457},
  journal	= {Eur.Phys.J.},
  number	= {5},
  pages		= {2766},
  primaryclass	= {hep-ph},
  slaccitation	= {%%CITATION = ARXIV:1401.2457;%%},
  title		= {{Composite Higgses}},
  volume	= {C74},
  year		= {2014}
}

@article{	  belyaev:2012qa,
  author	= "Belyaev, Alexander and Christensen, Neil D. and Pukhov,
		  Alexander",
  title		= "{CalcHEP 3.4 for collider physics within and beyond the
		  Standard Model}",
  journal	= "Comput. Phys. Commun.",
  volume	= "184",
  year		= "2013",
  pages		= "1729-1769",
  doi		= "10.1016/j.cpc.2013.01.014",
  eprint	= "1207.6082",
  archiveprefix	= "arXiv",
  primaryclass	= "hep-ph",
  reportnumber	= "PITT-PACC-1209",
  slaccitation	= "%%CITATION = ARXIV:1207.6082;%%"
}

@article{	  beringer:1900zz,
  author	= {{Particle Data Group} and Beringer, J. and others},
  doi		= {10.1103/PhysRevD.86.010001},
  journal	= {Phys. Rev. D},
  pages		= {010001},
  slaccitation	= {%%CITATION = PHRVA,D86,010001;%%},
  title		= {{Review of Particle Physics}},
  volume	= {86},
  year		= {2012}
}

@article{	  bertolini:2014bba,
  archiveprefix	= {arXiv},
  author	= {Bertolini, Daniele and Harris, Philip and Low, Matthew and
		  Tran, Nhan},
  doi		= {10.1007/JHEP10(2014)059},
  eprint	= {1407.6013},
  journal	= {JHEP},
  pages		= {59},
  primaryclass	= {hep-ph},
  reportnumber	= {FERMILAB-PUB-14-238-PPD},
  slaccitation	= {%%CITATION = ARXIV:1407.6013;%%},
  title		= {{Pileup Per Particle Identification}},
  volume	= {1410},
  year		= {2014}
}

@techreport{	  bertram:2000br,
  author	= {Bertram, I. and Landsberg, G. and Linnemann, J. and
		  Partridge, R. and Paterno, M. and Prosper, H. B.},
  institution	= {Fermilab},
  number	= {{TM-2104}},
  title		= {A Recipe for the construction of confidence limits},
  url		= {http://lss.fnal.gov/archive/test-tm/2000/fermilab-tm-2104.pdf},
  year		= {2000}
}

@article{	  bethke:2006ac,
  archiveprefix	= {arXiv},
  author	= {Siegfried Bethke},
  doi		= {10.1016/j.ppnp.2006.06.001},
  eprint	= {hep-ex/0606035},
  journal	= {Prog.Part.Nucl.Phys.},
  pages		= {351--386},
  primaryclass	= {hep-ex},
  reportnumber	= {MPE-2006-54},
  slaccitation	= {%%CITATION = HEP-EX/0606035;%%},
  title		= {{Experimental tests of asymptotic freedom}},
  volume	= {58},
  year		= {2007}
}

@article{	  biebel:2001dm,
  author	= {O. Biebel},
  doi		= {10.1016/S0370-1573(00)00072-7},
  journal	= {Phys.Rept.},
  pages		= {165--289},
  slaccitation	= {%%CITATION = PRPLC,340,165;%%},
  title		= {{Experimental tests of the strong interaction and its
		  energy dependence in electron positron annihilation}},
  volume	= {340},
  year		= {2001}
}

@article{	  bijnens:2001gh,
  archiveprefix	= {arXiv},
  author	= {J. Bijnens and P. Eerola and M. Maul and A. Mansson and T.
		  Sjostrand},
  doi		= {10.1016/S0370-2693(01)00238-6},
  eprint	= {hep-ph/0101316},
  journal	= {Phys. Lett.},
  pages		= {341--348},
  primaryclass	= {hep-ph},
  title		= {{QCD signatures of narrow graviton resonances in hadron
		  colliders}},
  volume	= {B503},
  year		= {2001}
}

@article{	  bird:2005js,
  author	= {Bird, I., (ed.) and Bos, K., (ed.) and Brook, N., (ed.)
		  and Duellmann, D., (ed.) and Eck, C., (ed.) and others},
  journal	= {CERN-LHCC-2005-024},
  reportnumber	= {CERN-LHCC-2005-024},
  slaccitation	= {%%CITATION = CERN-LHCC-2005-024 ETC.;%%},
  title		= {{LHC computing Grid. Technical design report}},
  year		= {2005}
}

@misc{		  boccipresentation,
  author	= {A. Bocci},
  title		= {{The CMS High Level Trigger}},
  howpublished	= {\url{http://indico.cern.ch/event/304944/session/1/contribution/375}},
  address	= {{21st International Conference on Computing in High Energy
		  and Nuclear Physics (CHEP2015)}},
  year		= {2015}
}

@article{	  bock:1990vn,
  author	= {R. K. Bock and H. Grote and D. Notz and M. Regler and
		  Regler, M., (ed.)},
  journal	= {Camb.Monogr.Part.Phys.Nucl.Phys.Cosmol.},
  pages		= {1--434},
  slaccitation	= {%%CITATION = CMPCE,11,1;%%},
  title		= {{Data analysis techniques for high-energy physics
		  experiments}},
  volume	= {11},
  year		= {2000}
}

@article{	  bolognesi:2012mm,
  author	= "Bolognesi, Sara and Gao, Yanyan and Gritsan, Andrei V. and
		  Melnikov, Kirill and Schulze, Markus and Tran, Nhan V. and
		  Whitbeck, Andrew",
  title		= "{On the spin and parity of a single-produced resonance at
		  the LHC}",
  journal	= "Phys. Rev.",
  volume	= "D86",
  year		= "2012",
  pages		= "095031",
  doi		= "10.1103/PhysRevD.86.095031",
  eprint	= "1208.4018",
  archiveprefix	= "arXiv",
  primaryclass	= "hep-ph",
  reportnumber	= "ANL-HEP-PR-12-62, FERMILAB-PUB-12-475-PPD",
  slaccitation	= "%%CITATION = ARXIV:1208.4018;%%"
}

@article{	  botje:2011sn,
  archiveprefix	= {arXiv},
  author	= {Michiel Botje and Jon Butterworth and Amanda Cooper-Sarkar
		  and Albert de Roeck and Joel Feltesse and others},
  eprint	= {1101.0538},
  primaryclass	= {hep-ph},
  slaccitation	= {%%CITATION = ARXIV:1101.0538;%%},
  title		= {{The PDF4LHC Working Group Interim Recommendations}},
  year		= {2011}
}

@article{	  brandt:1997gi,
  author	= {Brandt, A. and others},
  collaboration	= {UA8},
  doi		= {10.1016/S0550-3213(97)00813-4},
  journal	= {Nucl. Phys. B},
  pages		= {3},
  slaccitation	= {%%CITATION = HEP-EX 9710004;%%},
  title		= {Measurements of single diffraction at $\sqrt{s} =$ 630
		  {GeV}: Evidence for a non-linear $\alpha(t)$ of the pomeron},
  volume	= {514},
  year		= {1998}
}

@article{	  brun:1996xxx,
  author	= {Rene Brun and Fons Rademakers},
  title		= {{ROOT - An Object Oriented Data Analysis Framework}},
  journal	= {Nucl. Inst. \& Meth. in Phys. Res. A},
  volume	= {389},
  year		= {1997},
  pages		= {81-86},
  note		= {See also \url{http://root.cern.ch/}}
}

@article{	  buchmuller:1986zs,
  author	= {Buchm{\"u}ller, W. and Wyler, D.},
  doi		= {10.1016/0370-2693(86)90771-9},
  journal	= {Phys. Lett. B},
  pages		= {377},
  slaccitation	= {%%CITATION = PHLTA,B191,442;%%},
  title		= {Constraints on {SU(5)}-type leptoquarks},
  volume	= {177},
  year		= {1986}
}

@article{	  buckley:2010ar,
  archiveprefix	= {arXiv},
  author	= {Buckley, Andy and Butterworth, Jonathan and Lonnblad, Leif
		  and Hoeth, Hendrik and Monk, James and others},
  eprint	= {1003.0694},
  primaryclass	= {hep-ph},
  reportnumber	= {MCNET-10-03},
  slaccitation	= {%%CITATION = ARXIV:1003.0694;%%},
  title		= {{Rivet User Manual}},
  year		= {2010}
}

@article{	  butterworth:2008iy,
  archiveprefix	= {arXiv},
  author	= {Jonathan M. Butterworth and Adam R. Davison and Mathieu
		  Rubin and Gavin P. Salam},
  doi		= {10.1103/PhysRevLett.100.242001},
  eprint	= {0802.2470},
  journal	= {Phys.Rev.Lett.},
  pages		= {242001},
  primaryclass	= {hep-ph},
  slaccitation	= {%%CITATION = ARXIV:0802.2470;%%},
  title		= {{Jet substructure as a new Higgs search channel at the
		  LHC}},
  volume	= {100},
  year		= {2008}
}

@article{	  butterworth:2009qa,
  archiveprefix	= {arXiv},
  author	= {Butterworth, Jonathan M. and Ellis, John R. and Raklev,
		  Are R. and Salam, Gavin P.},
  doi		= {10.1103/PhysRevLett.103.241803},
  eprint	= {0906.0728},
  journal	= {Phys.Rev.Lett.},
  pages		= {241803},
  primaryclass	= {hep-ph},
  reportnumber	= {CAVENDISH-HEP-2009-07, CERN-PH-TH-2009-073,
		  DAMTP-2009-40},
  slaccitation	= {%%CITATION = ARXIV:0906.0728;%%},
  title		= {{Discovering baryon-number violating neutralino decays at
		  the LHC}},
  volume	= {103},
  year		= {2009}
}

@unpublished{	  caaachen,
  archiveprefix	= {arXiv},
  author	= {Wobisch, M. and Wengler, T.},
  eprint	= {hep-ph/9907280},
  slaccitation	= {%%CITATION = HEP-PH/9907280;%%},
  title		= {Hadronization corrections to jet cross sections in
		  deep-inelastic scattering},
  year		= {1998}
}

@article{	  cacambridge,
  archiveprefix	= {arXiv},
  author	= {Dokshitzer, Yuri L. and G. D. Leder and S. Moretti and B.
		  R. Webber},
  doi		= {10.1088/1126-6708/1997/08/001},
  eprint	= {hep-ph/9707323},
  journal	= {JHEP},
  pages		= {001},
  slaccitation	= {%%CITATION = HEP-PH/9707323;%%},
  title		= {Better jet clustering algorithms},
  volume	= {08},
  year		= {1997}
}

@article{	  cacciari:2008gp,
  archiveprefix	= {arXiv},
  author	= {Cacciari, Matteo and Salam, Gavin P. and Soyez, Gregory},
  doi		= {10.1088/1126-6708/2008/04/063},
  eprint	= {0802.1189},
  journal	= {JHEP},
  pages		= {063},
  primaryclass	= {hep-ph},
  reportnumber	= {LPTHE-07-03},
  slaccitation	= {%%CITATION = ARXIV:0802.1189;%%},
  title		= {{The Anti-k(t) jet clustering algorithm}},
  volume	= {0804},
  year		= {2008}
}

@techreport{	  calligaris:2233165,
  author	= "Calligaris, Luigi",
  title		= "{Trigger level track reconstruction in CMS with a fully
		  time-multiplexed architecture using a Hough transform
		  implemented in an FPGA}",
  institution	= "CERN",
  collaboration	= "CMS",
  address	= "Geneva",
  number	= "CMS-CR-2016-353",
  year		= "2016",
  reportnumber	= "CMS-CR-2016-353",
  note		= "\url{https://cds.cern.ch/record/2233165}"
}

@article{	  catani:1993hr,
  author	= {S. Catani and Yuri L. Dokshitzer and M. H. Seymour and B.
		  R. Webber},
  doi		= {10.1016/0550-3213(93)90166-M},
  journal	= {Nucl. Phys.},
  pages		= {187--224},
  slaccitation	= {%%CITATION = NUPHA,B406,187;%%},
  title		= {{Longitudinally invariant K(t) clustering algorithms for
		  hadron hadron collisions}},
  volume	= {B406},
  year		= {1993}
}

@article{	  chatrchyan:2008aa,
  author	= {S. Chatrchyan and others},
  collaboration	= {CMS},
  doi		= {10.1088/1748-0221/3/08/S08004},
  journal	= {JINST},
  pages		= {S08004},
  slaccitation	= {%%CITATION = JINST,3,S08004;%%},
  title		= {{The CMS experiment at the CERN LHC}},
  volume	= {3},
  year		= {2008}
}

@article{	  chatrchyan:2008zzk,
  author	= {Chatrchyan, S. and others},
  collaboration	= {CMS},
  doi		= {10.1088/1748-0221/3/08/S08004},
  journal	= {JINST},
  pages		= {S08004},
  slaccitation	= {%%CITATION = JINST,3,S08004;%%},
  title		= {The {CMS} experiment at the {CERN} {LHC}},
  volume	= {3},
  year		= {2008}
}

@article{	  chatrchyan:2009hy,
  archiveprefix	= {arXiv},
  author	= {Serguei Chatrchyan and others},
  collaboration	= {CMS},
  doi		= {10.1088/1748-0221/5/03/T03014},
  eprint	= {0911.4881},
  journal	= {JINST},
  pages		= {T03014},
  primaryclass	= {physics.ins-det},
  reportnumber	= {CMS-CFT-09-019, FERMILAB-PUB-10-155-CMS},
  slaccitation	= {%%CITATION = ARXIV:0911.4881;%%},
  title		= {{Identification and Filtering of Uncharacteristic Noise in
		  the CMS Hadron Calorimeter}},
  volume	= {5},
  year		= {2010}
}

@article{	  chatrchyan:2009ic,
  archiveprefix	= {arXiv},
  author	= {Serguei Chatrchyan and others},
  collaboration	= {CMS},
  doi		= {10.1088/1748-0221/5/03/T03005},
  eprint	= {0911.4889},
  journal	= {JINST},
  pages		= {T03005},
  primaryclass	= {physics.ins-det},
  reportnumber	= {CMS-CFT-09-020, FERMILAB-PUB-10-154-CMS},
  slaccitation	= {%%CITATION = ARXIV:0911.4889;%%},
  title		= {{Commissioning of the CMS High-Level Trigger with Cosmic
		  Rays}},
  volume	= {5},
  year		= {2010}
}

@article{	  chatrchyan:2011fq,
  author	= {Serguei Chatrchyan and others},
  collaboration	= {CMS},
  journal	= {CMS Physics Analysis Summary},
  primaryclass	= {hep-ex},
  reportnumber	= {CMS-EXO-11-038, CERN-PH-EP-2011-173},
  slaccitation	= {%%CITATION = ARXIV:1112.0688;%%},
  title		= {{Search for signatures of extra dimensions in the diphoton
		  mass spectrum at the Large Hadron Collider}},
  volume	= {EXO-11-038},
  year		= {2011}
}

@article{	  chatrchyan:2011id,
  archiveprefix	= {arXiv},
  author	= {Serguei Chatrchyan and others},
  collaboration	= {CMS},
  doi		= {10.1007/JHEP09(2011)109},
  eprint	= {1107.0330},
  journal	= {JHEP},
  pages		= {109},
  primaryclass	= {hep-ex},
  reportnumber	= {CMS-QCD-10-010, CERN-PH-EP-2011-059},
  slaccitation	= {%%CITATION = ARXIV:1107.0330;%%},
  title		= {{Measurement of the Underlying Event Activity at the LHC
		  with $\sqrt{s}= 7$ TeV and Comparison with $\sqrt{s} = 0.9$
		  TeV}},
  volume	= {1109},
  year		= {2011}
}

@article{	  chatrchyan:2011ns,
  archiveprefix	= {arXiv},
  author	= {Chatrchyan, Serguei and others},
  collaboration	= {CMS},
  doi		= {10.1016/j.physletb.2011.09.015},
  eprint	= {1107.4771},
  journal	= {Phys.Lett.},
  pages		= {123-142},
  primaryclass	= {hep-ex},
  reportnumber	= {CERN-PH-EP-2011-119, CMS-EXO-11-015},
  slaccitation	= {%%CITATION = ARXIV:1107.4771;%%},
  title		= {{Search for Resonances in the Dijet Mass Spectrum from 7
		  TeV pp Collisions at CMS}},
  volume	= {B704},
  year		= {2011}
}

@article{	  chatrchyan:2011tn,
  archiveprefix	= {arXiv},
  author	= {Serguei Chatrchyan and others},
  collaboration	= {CMS},
  doi		= {10.1088/1748-0221/6/09/P09001},
  eprint	= {1106.5048},
  journal	= {JINST},
  pages		= {P09001},
  primaryclass	= {physics.ins-det},
  reportnumber	= {CMS-JME-10-009, CERN-PH-EP-2011-051},
  slaccitation	= {%%CITATION = ARXIV:1106.5048;%%},
  title		= {{Missing transverse energy performance of the CMS
		  detector}},
  volume	= {6},
  year		= {2011}
}

@article{	  chatrchyan:2012dg,
  archiveprefix	= {arXiv},
  author	= {Chatrchyan, Serguei and others},
  collaboration	= {CMS},
  doi		= {10.1103/PhysRevLett.108.111804},
  eprint	= {1202.1997},
  journal	= {Phys. Rev. Lett. 108,},
  primaryclass	= {hep-ex},
  reportnumber	= {CMS-HIG-11-025, CERN-PH-EP-2012-025},
  slaccitation	= {%%CITATION = ARXIV:1202.1997;%%},
  title		= {{Search for the standard model Higgs boson in the decay
		  channel H to ZZ to 4 leptons in pp collisions at sqrt(s) =
		  7 TeV}},
  volume	= {111804},
  year		= {2012}
}

@article{	  chatrchyan:2012ft,
  archiveprefix	= {arXiv},
  author	= {Chatrchyan, Serguei and others},
  collaboration	= {CMS},
  doi		= {10.1007/JHEP03(2012)040},
  eprint	= {1202.3478},
  journal	= {JHEP},
  pages		= {040},
  primaryclass	= {hep-ex},
  reportnumber	= {CMS-HIG-11-026, CERN-PH-EP-2012-033},
  slaccitation	= {%%CITATION = ARXIV:1202.3478;%%},
  title		= {{Search for the standard model Higgs boson in the H to ZZ
		  to 2l 2nu channel in pp collisions at sqrt(s) = 7 TeV}},
  volume	= {1203},
  year		= {2012}
}

@article{	  chatrchyan:2012hr,
  archiveprefix	= {arXiv},
  author	= {Chatrchyan, Serguei and others},
  collaboration	= {CMS},
  doi		= {10.1007/JHEP03(2012)081},
  eprint	= {1202.3617},
  journal	= {JHEP},
  pages		= {081},
  primaryclass	= {hep-ex},
  reportnumber	= {CMS-HIG-11-028, CERN-PH-EP-2012-038},
  slaccitation	= {%%CITATION = ARXIV:1202.3617;%%},
  title		= {{Search for the standard model Higgs boson in the H to ZZ
		  to ll tau tau decay channel in pp collisions at sqrt(s)=7
		  TeV}},
  volume	= {1203},
  year		= {2012}
}

@article{	  chatrchyan:2012rva,
  archiveprefix	= {arXiv},
  author	= {Chatrchyan, Serguei and others},
  collaboration	= {CMS},
  doi		= {10.1007/JHEP02(2013)036},
  eprint	= {1211.5779},
  journal	= {JHEP},
  pages		= {036},
  primaryclass	= {hep-ex},
  reportnumber	= {CMS-EXO-12-014, CERN-PH-EP-2012-312},
  slaccitation	= {%%CITATION = ARXIV:1211.5779;%%},
  title		= {{Search for exotic resonances decaying into $WZ/ZZ$ in
		  $pp$ collisions at $\sqrt{s}=7$ TeV}},
  volume	= {1302},
  year		= {2013}
}

@article{	  chatrchyan:2012tea,
  archiveprefix	= {arXiv},
  author	= {Chatrchyan, Serguei and others},
  collaboration	= {CMS},
  doi		= {10.1103/PhysRevLett.108.261803},
  eprint	= {1204.0821},
  journal	= {Phys.Rev.Lett.},
  pages		= {261803},
  primaryclass	= {hep-ex},
  reportnumber	= {CMS-EXO-11-096, CERN-PH-EP-2012-084},
  slaccitation	= {%%CITATION = ARXIV:1204.0821;%%},
  title		= {{Search for Dark Matter and Large Extra Dimensions in pp
		  Collisions Yielding a Photon and Missing Transverse
		  Energy}},
  volume	= {108},
  year		= {2012}
}

@article{	  chatrchyan:2012tx,
  archiveprefix	= {arXiv},
  author	= {Serguei Chatrchyan and others},
  collaboration	= {CMS},
  eprint	= {1202.1488},
  primaryclass	= {hep-ex},
  reportnumber	= {CMS-HIG-11-032, CERN-PH-EP-2012-023},
  slaccitation	= {%%CITATION = ARXIV:1202.1488;%%},
  title		= {{Combined results of searches for the standard model Higgs
		  boson in pp collisions at sqrt(s) = 7 TeV}},
  year		= {2012}
}

@article{	  chatrchyan:2012ty,
  archiveprefix	= {arXiv},
  author	= {Chatrchyan, Serguei and others},
  collaboration	= {CMS},
  doi		= {10.1016/j.physletb.2012.02.076},
  eprint	= {1202.1489},
  journal	= {Phys.Lett.},
  pages		= {91-113},
  primaryclass	= {hep-ex},
  reportnumber	= {CMS-HIG-11-024, CERN-PH-EP-2012-018},
  slaccitation	= {%%CITATION = ARXIV:1202.1489;%%},
  title		= {{Search for the standard model Higgs boson decaying to a W
		  pair in the fully leptonic final state in pp collisions at
		  sqrt(s) = 7 TeV}},
  volume	= {B710},
  year		= {2012}
}

@article{	  chatrchyan:2012ufa,
  archiveprefix	= {arXiv},
  author	= {Chatrchyan, Serguei and others},
  collaboration	= {CMS},
  doi		= {10.1016/j.physletb.2012.08.021},
  eprint	= {1207.7235},
  journal	= {Phys.Lett.},
  pages		= {30-61},
  primaryclass	= {hep-ex},
  reportnumber	= {CMS-HIG-12-028, CERN-PH-EP-2012-220},
  slaccitation	= {%%CITATION = ARXIV:1207.7235;%%},
  title		= {{Observation of a new boson at a mass of 125 GeV with the
		  CMS experiment at the LHC}},
  volume	= {B716},
  year		= {2012}
}

@article{	  chm2,
  author	= {Contino, Roberto and Pappadopulo, Duccio and Marzocca,
		  David and Rattazzi, Riccardo},
  doi		= {10.1007/JHEP10(2011)081},
  eid		= {81},
  journal	= {Journal of High Energy Physics},
  keywords	= {Higgs Physics; Phenomenological Models; Chiral
		  Lagrangians; Technicolor and Composite Models},
  language	= {English},
  number	= {10},
  publisher	= {Springer-Verlag},
  title		= {On the effect of resonances in composite Higgs
		  phenomenology},
  url		= {http://dx.doi.org/10.1007/JHEP10%282011%29081},
  volume	= {2011},
  year		= {2011}
}

@article{	  clowe:2006eq,
  author	= "Clowe, Douglas and Bradac, Marusa and Gonzalez, Anthony H.
		  and Markevitch, Maxim and Randall, Scott W. and Jones,
		  Christine and Zaritsky, Dennis",
  title		= "{A direct empirical proof of the existence of dark
		  matter}",
  journal	= "Astrophys. J.",
  volume	= "648",
  year		= "2006",
  pages		= "L109-L113",
  doi		= "10.1086/508162",
  eprint	= "astro-ph/0608407",
  archiveprefix	= "arXiv",
  primaryclass	= "astro-ph",
  reportnumber	= "SLAC-PUB-12078",
  slaccitation	= "%%CITATION = ASTRO-PH/0608407;%%"
}

@unpublished{	  cms-an-2012/393,
  author	= {{CMS Collaboration}},
  note		= {(Internal Note)},
  title		= {Search for heavy resonances in the W/Z-tagged dijet mass
		  spectrum in pp collisions at 8 TeV},
  year		= {2012}
}

@unpublished{	  cms-an-2013/040,
  author	= {{CMS Collaboration}},
  note		= {(Internal Note)},
  title		= {Search for a BSM resonance decaying to Z vector bosons in
		  the semileptonic final state},
  year		= {2013}
}

@unpublished{	  cms-an-2013/045,
  author	= {{CMS Collaboration}},
  note		= {(Internal Note)},
  title		= {Search for a BSM resonance decaying to W vector bosons in
		  the semileptonic final state},
  year		= {2013}
}

@techreport{	  cms-dp-2016-042,
  title		= "{Performance of b-Tagging Algorithms in Proton Collisions
		  at 13 TeV using the 2016 Data}",
  collaboration	= "CMS",
  month		= "Jul",
  year		= "2016",
  reportnumber	= "CMS-DP-2016-042",
  note		= "\url{https://cds.cern.ch/record/2202967}"
}

@unpublished{	  cms-paper-muo-10-004,
  archiveprefix	= {arXiv},
  author	= {{CMS Collaboration}},
  collaboration	= {CMS},
  eprint	= {1206.4071},
  note		= {Submitted to \textit{J. Inst.}},
  primaryclass	= {physics.ins-det},
  title		= {Performance of CMS muon reconstruction in pp collision
		  events at $\sqrt{s} = 7$\TeV},
  year		= {2012}
}

@techreport{	  cms-pas-b2g-16-008,
  title		= "{Search for heavy resonances decaying to a pair of Higgs
		  bosons in four b quark final state in proton-proton
		  collisions at sqrt(s)=13 TeV}",
  institution	= "CERN",
  collaboration	= "CMS",
  address	= "Geneva",
  number	= "CMS-PAS-B2G-16-008",
  year		= "2016",
  reportnumber	= "CMS-PAS-B2G-16-008",
  note		= "\url{https://cds.cern.ch/record/2202811}"
}

@techreport{	  cms-pas-b2g-16-010,
  title		= "{Search for diboson resonances in the semileptonic
		  $\mathrm{X}\rightarrow\mathrm{Z}\mathrm{V}\rightarrow\ell^+\ell^-~\mathrm{q\bar{q}}$
		  final state at $\sqrt{s} = 13~\mathrm{TeV}$ with CMS}",
  institution	= "CERN",
  collaboration	= "CMS",
  address	= "Geneva",
  number	= "CMS-PAS-B2G-16-010",
  year		= "2016",
  reportnumber	= "CMS-PAS-B2G-16-010",
  note		= "\url{https://cds.cern.ch/record/2199611}"
}

@article{	  cms-pas-egm-2010-004,
  author	= {{CMS Collaboration}},
  journal	= {CMS Physics Analysis Summary},
  title		= {{Electron reconstruction and identification at $\sqrt{s}=
		  7$ TeV}},
  volume	= {EGM-10-004},
  year		= {2010}
}

@article{	  cms-pas-ewk-2010-002,
  author	= {{CMS Collaboration}},
  journal	= {CMS Physics Analysis Summary},
  title		= {{Measurement of the $W$ and $Z$ inclusive production cross
		  sections at $\sqrt{s}$ =7 TeV with the CMS experiment at
		  the LHC}},
  volume	= {EWK-10-002},
  year		= {2010}
}

@techreport{	  cms-pas-exo-11-061,
  address	= {Geneva},
  collaboration	= {CMS},
  institution	= {CERN},
  number	= {CMS-PAS-EXO-11-061},
  title		= {{Search for Randall-Sundrum Gravitons Decaying into a Jet
		  plus Missing ET at CMS}},
  year		= {2012}
}

@article{	  cms-pas-exo-11-081,
  author	= {{CMS Collaboration}},
  journal	= {CMS Physics Analysis Summary},
  note		= {\url{http://cdsweb.cern.ch/record/1444879}},
  title		= {{Search for exotic resonances decaying into V + Z using
		  final states with a jet and a lepton pair}},
  volume	= {EXO-11-081},
  year		= {2012}
}

@article{	  cms-pas-exo-11-095,
  author	= {{CMS Collaboration}},
  journal	= {CMS Physics Analysis Summary},
  note		= {\url{http://cdsweb.cern.ch/record/1458050}},
  title		= {{Search for qW/qZ/WW/WZ/ZZ-Resonances in the W/Z-tagged
		  Dijet Mass Spectrum from 7 TeV pp Collisions at CMS}},
  volume	= {EXO-11-095},
  year		= {2012}
}

@article{	  cms-pas-exo-11-102,
  author	= {{CMS Collaboration}},
  journal	= {CMS Physics Analysis Summary},
  note		= {\url{http://cdsweb.cern.ch/record/1447752}},
  title		= {{Search for a BSM narrow resonance decaying to vector
		  bosons in the semileptonic final state $X \to ZZ \to
		  (l^-l^+)(qq)$}},
  volume	= {EXO-11-102},
  year		= {2012}
}

@techreport{	  cms-pas-exo-12-021,
  address	= {Geneva},
  collaboration	= {CMS},
  institution	= {CERN},
  number	= {CMS-PAS-EXO-12-021},
  title		= {{Search for new resonances decaying to WW to $\ell\nu
		  q\overline{q}^\prime$ in the final state with a lepton,
		  missing transverse energy, and single reconstructed jet}},
  year		= {2013}
}

@techreport{	  cms-pas-exo-12-022,
  address	= {Geneva},
  collaboration	= {CMS},
  institution	= {CERN},
  number	= {CMS-PAS-EXO-12-022},
  title		= {{Search for a narrow spin-2 resonance decaying to Z bosons
		  in the semileptonic final state}},
  year		= {2013}
}

@techreport{	  cms-pas-exo-12-048,
  address	= {Geneva},
  collaboration	= {CMS},
  institution	= {CERN},
  number	= {CMS-PAS-EXO-12-048},
  title		= {{Search for new physics in monojet events in pp collisions
		  at sqrt(s)= 8 TeV}},
  year		= {2013}
}

@techreport{	  cms-pas-exo-12-053,
  title		= "{Search for heavy resonances in the H tagged dijet mass
		  spectrum in pp collisions at 8 TeV}",
  institution	= "CERN",
  collaboration	= "CMS",
  address	= "Geneva",
  number	= "CMS-PAS-EXO-12-053",
  year		= "2015",
  reportnumber	= "CMS-PAS-EXO-12-053",
  note		= {\texttt{https://cds.cern.ch/record/2043788}}
}

@techreport{	  cms-pas-exo-13-004,
  address	= {Geneva},
  collaboration	= {CMS},
  institution	= {CERN},
  number	= {CMS-PAS-EXO-13-004},
  title		= {{Search for dark matter in the mono-lepton channel with pp
		  collision events at center-of-mass energy of 8 TeV }},
  note		= {\url{http://cds.cern.ch/record/1563245}},
  year		= {2013}
}

@article{	  cms-pas-exo-13-009,
  archiveprefix	= {arXiv},
  author	= {{Chatrchyan, S. and others}},
  collaboration	= {CMS},
  eprint	= {1405.3447},
  note		= {Submitted to \textit{JHEP}},
  title		= {{Search for massive resonances decaying into pairs of
		  boosted bosons in semi-leptonic final states at $\sqrt{s}$
		  = 8 TeV}},
  year		= {2014}
}

@techreport{	  cms-pas-exo-14-010,
  address	= {Geneva},
  collaboration	= {CMS Collaboration},
  institution	= {CERN},
  number	= {CMS-PAS-EXO-14-010},
  reportnumber	= {CMS-PAS-EXO-14-010},
  title		= {{Search for massive WH resonances decaying to $\ell \nu
		  {\rm b \bar{b}}$ final state in the boosted regime at
		  $\sqrt{s}=8$\,TeV}},
  url		= {http://cds.cern.ch/record/2002903},
  year		= {2015}
}

@techreport{	  cms-pas-exo-15-002,
  title		= "{Search for massive resonances decaying into pairs of
		  boosted W and Z bosons at $\sqrt{s}$ = 13 TeV}",
  institution	= "CERN",
  collaboration	= "CMS",
  address	= "Geneva",
  number	= "CMS-PAS-EXO-15-002",
  year		= "2015",
  reportnumber	= "CMS-PAS-EXO-15-002",
  note		= {\url{https://cds.cern.ch/record/2117062}}
}

@techreport{	  cms-pas-exo-16-013,
  title		= "{Search for dark matter production in association with
		  jets, or hadronically decaying W or Z boson at $\sqrt{s} =
		  13$ TeV}",
  institution	= "CERN",
  collaboration	= "CMS",
  address	= "Geneva",
  number	= "CMS-PAS-EXO-16-013",
  year		= "2016",
  reportnumber	= "CMS-PAS-EXO-16-013",
  note		= "\url{https://cds.cern.ch/record/2148032}"
}

@techreport{	  cms-pas-exo-16-037,
  title		= "{Search for dark matter in final states with an energetic
		  jet, or a hadronically decaying W or Z boson using
		  $12.9~\mathrm{fb}^{-1}$ of data at $\sqrt{s} =
		  13~\mathrm{TeV}$}",
  institution	= "CERN",
  collaboration	= "CMS",
  address	= "Geneva",
  number	= "CMS-PAS-EXO-16-037",
  year		= "2016",
  reportnumber	= "CMS-PAS-EXO-16-037",
  note		= "\url{https://cds.cern.ch/record/2205746}"
}

@article{	  cms-pas-exo-2011-059,
  author	= {{CMS Collaboration}},
  journal	= {CMS Physics Analysis Summary},
  title		= {{Search for New Physics with a Monojet and Missing
		  Transverse Energy in pp Collisions at $\sqrt{s}$ = 7~TeV
		  with 1.1~fb$^{-1}$}},
  volume	= {EXO-11-059},
  year		= {2010}
}

@techreport{	  cms-pas-hig-16-034,
  title		= "{Search for new diboson resonances in the dilepton + jets
		  final state at $\sqrt{s} = 13~\mathrm{TeV}$ with 2016
		  data}",
  institution	= "CERN",
  collaboration	= "CMS",
  address	= "Geneva",
  number	= "CMS-PAS-HIG-16-034",
  year		= "2017",
  reportnumber	= "CMS-PAS-HIG-16-034",
  note		= "\url{https://cds.cern.ch/record/2243295}"
}

@techreport{	  cms-pas-hin-12-004,
  address	= {Geneva},
  institution	= {CERN},
  number	= {CMS-PAS-HIN-12-004},
  title		= {Nuclear modification factor of high transverse momentum
		  jets in PbPb collisions at sqrt(sNN) = 2.76 TeV},
  year		= {2012}
}

@techreport{	  cms-pas-hin-12-010,
  address	= {Geneva},
  institution	= {CERN},
  number	= {CMS-PAS-HIN-12-010},
  title		= {Very high-\pt\ triggered dihadron correlations in PbPb and
		  pp collisions at \rootsNN\ = 2.76\TeV},
  year		= {2012}
}

@techreport{	  cms-pas-hin-12-016,
  address	= {Geneva},
  institution	= {CERN},
  number	= {CMS-PAS-HIN-12-016},
  title		= {Study of the inclusive production of charged pions, kaons,
		  and protons in p-Pb collisions at sqrt(sNN) = 5.02 TeV},
  year		= {2013}
}

@techreport{	  cms-pas-hin-13-001,
  address	= {Geneva},
  institution	= {CERN},
  number	= {CMS-PAS-HIN-13-001},
  title		= {Study of dijet momentum balance and pseudorapidity
		  distributions in pPb collisions at $\sqrt{s_{_{\rm NN}}}=
		  5.02$ TeV},
  year		= {2013}
}

@article{	  cms-pas-jme-09-004,
  author	= {{CMS Collaboration}},
  journal	= {CMS Physics Analysis Summary},
  title		= {{Jet energy calibration with photon + jet events}},
  volume	= {JME-09-004},
  year		= {2009}
}

@article{	  cms-pas-jme-09-005,
  author	= {{CMS Collaboration}},
  journal	= {CMS Physics Analysis Summary},
  title		= {{Determination of the jet energy scale using $Z\to e^+e^-$
		  + jet $p_T$ balance and a procedure for combining data
		  driven corrections}},
  volume	= {JME-09-005},
  year		= {2009}
}

@article{	  cms-pas-jme-09-008,
  author	= {{CMS Collaboration}},
  journal	= {CMS Physics Analysis Summary},
  title		= {{Calorimeter jet quality criteria for the first CMS
		  collision data}},
  volume	= {JME-09-008},
  year		= {2010}
}

@techreport{	  cms-pas-jme-10-003,
  author	= {{CMS Collaboration}},
  collaboration	= {CMS},
  number	= {CMS-PAS-JME-10-003},
  title		= {Jet Performance in pp Collisions at $\sqrt{s}$=7 {TeV}},
  type		= {CMS Physics Analysis Summary},
  url		= {http://cdsweb.cern.ch/record/1279362},
  year		= {2010}
}

@article{	  cms-pas-jme-10-004,
  author	= {{CMS Collaboration}},
  journal	= {CMS Physics Analysis Summary},
  title		= {{Missing transverse energy performance in minimum-bias and
		  jet rvents from proton-proton collisions at $\sqrt{s}$ = 7
		  TeV}},
  volume	= {JME-10-004},
  year		= {2010}
}

@article{	  cms-pas-jme-10-005,
  author	= {{CMS Collaboration}},
  journal	= {CMS Physics Analysis Summary},
  title		= {{CMS MET performance in events containing electroweak
		  bosons from $pp$ collisions at $\sqrt{s}$=7 TeV}},
  volume	= {JME-10-005},
  year		= {2010}
}

@article{	  cms-pas-jme-10-010,
  author	= {{CMS Collaboration}},
  journal	= {CMS Physics Analysis Summary},
  title		= {{Jet energy corrections determination at $7$ TeV}},
  volume	= {JME-10-010},
  year		= {2010}
}

@techreport{	  cms-pas-jme-10-013,
  address	= {Geneva},
  collaboration	= {CMS Collaboration},
  institution	= {CERN},
  number	= {CMS-PAS-JME-10-013},
  reportnumber	= {CMS-PAS-JME-10-013},
  title		= {{Jet Substructure Algorithms}},
  url		= {http://cds.cern.ch/record/1333700},
  year		= {2011}
}

@article{	  cms-pas-jme-2010-003,
  author	= {{CMS Collaboration}},
  journal	= {CMS Physics Analysis Summary},
  title		= {{Jet Performance in pp Collisions at $\sqrt{s}= 7$ TeV}},
  volume	= {JME-10-003},
  year		= {2010}
}

@article{	  cms-pas-muo-2010-002,
  author	= {{CMS Collaboration}},
  journal	= {CMS Physics Analysis Summary},
  title		= {{Performance of muon identification in $pp$ collisions at
		  $\sqrt{s}$ = 7 TeV}},
  volume	= {MUO-10-002},
  year		= {2010}
}

@techreport{	  cms-pas-smp-16-005,
  title		= "{Measurement of the differential cross section for the
		  production of a W ($\rightarrow \mu\nu$) boson in
		  association with jets at sqrt(s) = 13 TeV}",
  institution	= "CERN",
  collaboration	= "CMS",
  address	= "Geneva",
  number	= "CMS-PAS-SMP-16-005",
  year		= "2016",
  reportnumber	= "CMS-PAS-SMP-16-005",
  note		= "\url{https://cds.cern.ch/record/2204927}"
}

@article{	  cms:2012qk,
  archiveprefix	= {arXiv},
  author	= {Chatrchyan, Serguei and others},
  collaboration	= {CMS Collaboration},
  doi		= {10.1016/j.physletb.2012.11.025},
  eprint	= {1210.5482},
  journal	= {Phys.Lett.},
  pages		= {795-814},
  primaryclass	= {nucl-ex},
  reportnumber	= {CMS-HIN-12-005, CERN-PH-EP-2012-320, CMS-HIN-12-015},
  slaccitation	= {%%CITATION = ARXIV:1210.5482;%%},
  title		= {{Observation of long-range near-side angular correlations
		  in proton-lead collisions at the LHC}},
  volume	= {B718},
  year		= {2013}
}

@techreport{	  cms_an_2006-027,
  author	= {Belotelov, I. and Golutvin, I. and Bourilkov, D. and
		  Lanyov, A. and Rogalev, E. and Savina, M. and Shmatov, S.},
  number	= {2006/076},
  title		= {Search for {ADD} extra dimensional gravity in di-muon
		  channel with the {CMS} Detector},
  type		= {CMS Note},
  url		= {http://cdsweb.cern.ch/record/962045},
  year		= {2006}
}

@techreport{	  cms_an_2013-040,
  author	= {EXO-VV team},
  number	= {2013/040},
  title		= {Search for a BSM resonance decaying to Z vector bosons in
		  the semileptonic final state},
  type		= {CMS Note},
  year		= {2013}
}

@techreport{	  cms_note_2006-106,
  author	= {Aldaya, M. and Arce, P. and Caballero, J. and de la Cruz,
		  B. and Garcia-Abia, P. and Hernandez, J. M. and Josa, M. I.
		  and Ruiz, E.},
  number	= {2006/106},
  title		= {Discovery potential and search strategy for the Standard
		  Model {H}iggs boson in the {$H\to ZZ^\star\to 4\mu$} decay
		  channel using a mass-independent analysis},
  type		= {CMS Note},
  url		= {http://cdsweb.cern.ch/record/962058},
  year		= {2006}
}

@misc{		  cmsupgrade,
  author	= {{CMS Collaboration}},
  howpublished	= {\url{http://cds.cern.ch/record/1355706?ln=en}},
  institution	= {{CERN}},
  number	= {CERN-LHCC-2011-006},
  title		= {{Technical Proposal for the Upgrade of the CMS detector
		  through 2020}}
}

@misc{		  coeml-unesp,
  howpublished	= {\url{https://coe-ml.ncc.unesp.br/}},
  title		= "{Center of Excellence in Machine Learning}",
  author	= {{Center for Scientific Computing at UNESP}},
  institution	= {São Paulo State University}
}

@book{Goodfellow-et-al-2016,
	Author = {Ian Goodfellow and Yoshua Bengio and Aaron Courville},
	Note = {\url{http://www.deeplearningbook.org}},
	Publisher = {MIT Press},
	Title = {Deep Learning},
	Year = {2016}}

@misc{P5panel-2014,
	title = "{Building for Discovery: Strategic Plan for U.S. Particle Physics in the Global Context} ", 
	author = "{Particle Physics Project Prioritization Panel (P5)}",
	month         = "May",
    year          = "2014",
	note = {\url{https://science.energy.gov/\~/media/hep/hepap/pdf/May-2014/FINAL_P5_Report_053014.pdf}}
	}

@misc{Radford:1551933,
      author        = "Radford, Tim and Gillies, James and Jakobsson, Camilla and
                       Marsollier, Arnaud and Mexner, Vanessa and O'Connor, Terry",
      title         = "{Accelerating science and innovation: societal benefits of
                       European research in Particle Physics}",
      month         = "May",
      year          = "2013",
      reportNumber  = "CERN-Brochure-2013-004-Eng",
      note           = {\url{https://cds.cern.ch/record/1551933}},
}

@article{Sirunyan:2018omt,
      author         = "Sirunyan, A. M. and others",
      title          = "{Search for top squarks decaying via four-body or
                        chargino-mediated modes in single-lepton final states in
                        proton-proton collisions at $\sqrt{s} =$ 13 TeV}",
      collaboration  = "CMS",
      journal        = "JHEP",
      volume         = "09",
      year           = "2018",
      pages          = "065",
      doi            = "10.1007/JHEP09(2018)065",
      eprint         = "1805.05784",
      archivePrefix  = "arXiv",
      primaryClass   = "hep-ex",
      reportNumber   = "CMS-SUS-17-005, CERN-EP-2018-079",
      SLACcitation   = "%%CITATION = ARXIV:1805.05784;%%"
}

@article{Sirunyan:2018pgf,
      author         = "Sirunyan, A. M. and others",
      title          = "{Performance of reconstruction and identification of
                        $\tau$ leptons decaying to hadrons and $\nu_\tau$ in pp
                        collisions at $\sqrt{s}=$ 13 TeV}",
      collaboration  = "CMS",
      journal        = "JINST",
      volume         = "13",
      year           = "2018",
      number         = "10",
      pages          = "P10005",
      doi            = "10.1088/1748-0221/13/10/P10005",
      eprint         = "1809.02816",
      archivePrefix  = "arXiv",
      primaryClass   = "hep-ex",
      reportNumber   = "CMS-TAU-16-003, CERN-EP-2018-229",
      SLACcitation   = "%%CITATION = ARXIV:1809.02816;%%"
}

@inproceedings{arjovskywgan17,
	Author = {Mart{\'{\i}}n Arjovsky and Soumith Chintala and L{\'{e}}on Bottou},
	Booktitle = {Proceedings of the 34th International Conference on Machine Learning, {ICML} 2017, Sydney, NSW, Australia, 6-11 August 2017},
	Pages = {214--223},
	Timestamp = {Wed, 16 Aug 2017 11:08:55 +0200},
	Title = {Wasserstein Generative Adversarial Networks},
	Url = {http://proceedings.mlr.press/v70/arjovsky17a.html},
	Year = {2017},
	Bdsk-Url-1 = {http://proceedings.mlr.press/v70/arjovsky17a.html}}

@article{	  collaboration:2011dca,
  archiveprefix	= {arXiv},
  author	= {Georges Aad and others},
  collaboration	= {ATLAS},
  eprint	= {1108.1582},
  journal	= {Phys.Rev.Lett.},
  pages		= {272002},
  primaryclass	= {hep-ex},
  reportnumber	= {CERN-PH-EP-2011-123},
  slaccitation	= {%%CITATION = ARXIV:1108.1582;%%},
  title		= {{Search for dilepton resonances in pp collisions at
		  sqrt(s) = 7 TeV with the ATLAS detector}},
  volume	= {107},
  year		= {2011}
}

@misc{		  colliderreach,
  author	= {G. Salam and A. Weller},
  note		= {\url{http://collider-reach.web.cern.ch}},
  title		= {Collider Reach Tool}
}

@techreport{	  configrereco,
  author	= {S.S. Yu},
  title		= {Configuration file for the muon re-reconstruction},
  type		= {python},
  url		= {https://github.com/syuvivida/xtozh_common/blob/master/python_file/muonRereco.py},
  year		= {2014}
}

@article{	  craig:2012vn,
  author	= "Craig, Nathaniel and Thomas, Scott",
  title		= "{Exclusive Signals of an Extended Higgs Sector}",
  journal	= "JHEP",
  volume	= "11",
  year		= "2012",
  pages		= "083",
  doi		= "10.1007/JHEP11(2012)083",
  eprint	= "1207.4835",
  archiveprefix	= "arXiv",
  primaryclass	= "hep-ph",
  reportnumber	= "RU-NHETC-2012-15",
  slaccitation	= "%%CITATION = ARXIV:1207.4835;%%"
}

@article{	  d:2008zz,
  author	= {D. Spiga and M. Cinquilli and L. Servoli and S. Lacaprara
		  and F. Fanzago and others},
  doi		= {10.1007/978-3-540-77220-0_52},
  journal	= {Lect.Notes Comput.Sci.},
  pages		= {580--586},
  reportnumber	= {FERMILAB-CONF-07-769-CD-CMS},
  slaccitation	= {%%CITATION = LNCSD,4873,580;%%},
  title		= {{The CMS Remote Analysis Builder (CRAB)}},
  volume	= {4873},
  year		= {2007}
}

@article{	  dasu:2000ge,
  author	= {S. Dasu and others},
  collaboration	= {CMS},
  journal	= {CERN-LHCC-2000-038},
  reportnumber	= {CERN-LHCC-2000-038},
  slaccitation	= {%%CITATION = CERN-LHCC-2000-038 ETC.;%%},
  title		= {{CMS. The TriDAS project. Technical design report, vol. 1:
		  The trigger systems}},
  year		= {2000}
}

@article{	  davoudiasl:1999jd,
  archiveprefix	= {arXiv},
  author	= {H. Davoudiasl and J. L. Hewett and T. G. Rizzo},
  doi		= {10.1103/PhysRevLett.84.2080},
  eprint	= {hep-ph/9909255},
  journal	= {Phys. Rev. Lett.},
  pages		= {2080},
  primaryclass	= {hep-ph},
  title		= {{Phenomenology of the Randall-Sundrum Gauge Hierarchy
		  Model}},
  volume	= {84},
  year		= {2000}
}

@article{	  davoudiasl:2000wi,
  archiveprefix	= {arXiv},
  author	= {H. Davoudiasl and J. L. Hewett and T. G. Rizzo},
  doi		= {10.1103/PhysRevD.63.075004},
  eprint	= {hep-ph/0006041},
  journal	= {Phys. Rev.},
  pages		= {075004},
  slaccitation	= {%%CITATION = HEP-PH/0006041;%%},
  title		= {{Experimental probes of localized gravity: on and off the
		  wall}},
  volume	= {D63},
  year		= {2001}
}

@article{	  defavereau:2013fsa,
  author	= "de Favereau, J. and Delaere, C. and Demin, P. and
		  Giammanco, A. and Lemaître, V. and Mertens, A. and
		  Selvaggi, M.",
  title		= "{DELPHES 3, A modular framework for fast simulation of a
		  generic collider experiment}",
  collaboration	= "DELPHES 3",
  journal	= "JHEP",
  volume	= "02",
  year		= "2014",
  pages		= "057",
  doi		= "10.1007/JHEP02(2014)057",
  eprint	= "1307.6346",
  archiveprefix	= "arXiv",
  primaryclass	= "hep-ex",
  slaccitation	= "%%CITATION = ARXIV:1307.6346;%%"
}

@article{	  deshpande:1977rw,
  author	= "Deshpande, Nilendra G. and Ma, Ernest",
  title		= "{Pattern of Symmetry Breaking with Two Higgs Doublets}",
  journal	= "Phys. Rev.",
  volume	= "D18",
  year		= "1978",
  pages		= "2574",
  doi		= "10.1103/PhysRevD.18.2574",
  reportnumber	= "OITS-81",
  slaccitation	= "%%CITATION = PHRVA,D18,2574;%%"
}

@article{	  devries:2015hva,
  author	= "de Vries, K. J. and others",
  title		= "{The pMSSM10 after LHC Run 1}",
  journal	= "Eur. Phys. J.",
  volume	= "C75",
  year		= "2015",
  number	= "9",
  pages		= "422",
  doi		= "10.1140/epjc/s10052-015-3599-y",
  eprint	= "1504.03260",
  archiveprefix	= "arXiv",
  primaryclass	= "hep-ph",
  reportnumber	= "KCL-PH-TH-2015-15, LCTS-2015-07, CERN-PH-TH-2015-066,
		  DESY-15-046, FTPI-MINN-15-13, UMN-TH-3427-15,
		  SLAC-PUB-16245, FERMILAB-PUB-15-100-CMS, FTPI-MINN-15-13",
  slaccitation	= "%%CITATION = ARXIV:1504.03260;%%"
}

@article{	  dias:2015mhm,
  author	= "Dias, Flavia and Gadatsch, Stefan and Gouzevich, Maxime
		  and Leonidopoulos, Christos and Novaes, Sergio and
		  Oliveira, Alexandra and Pierini, Maurizio and Tomei,
		  Thiago",
  title		= "{Combination of Run-1 Exotic Searches in Diboson Final
		  States at the LHC}",
  journal	= "JHEP",
  volume	= "04",
  year		= "2016",
  pages		= "155",
  doi		= "10.1007/JHEP04(2016)155",
  eprint	= "1512.03371",
  archiveprefix	= "arXiv",
  primaryclass	= "hep-ph",
  reportnumber	= "CERN-TH-2016-004",
  slaccitation	= "%%CITATION = ARXIV:1512.03371;%%"
}

@article{	  dobbs:2001ck,
  author	= {Matt Dobbs and Jorgen Beck Hansen},
  doi		= {10.1016/S0010-4655(00)00189-2},
  journal	= {Comput.Phys.Commun.},
  pages		= {41--46},
  reportnumber	= {ATL-SOFT-2000-001},
  slaccitation	= {%%CITATION = CPHCB,134,41;%%},
  title		= {{The HepMC C++ Monte Carlo event record for High Energy
		  Physics}},
  volume	= {134},
  year		= {2001}
}

@article{	  dokshitzer:1997in,
  archiveprefix	= {arXiv},
  author	= {Yuri L. Dokshitzer and G. D. Leder and S. Moretti and B.
		  R. Webber},
  eprint	= {hep-ph/9707323},
  journal	= {JHEP},
  pages		= {001},
  primaryclass	= {hep-ph},
  reportnumber	= {CAVENDISH-HEP-97-06},
  slaccitation	= {%%CITATION = HEP-PH/9707323;%%},
  title		= {{Better jet clustering algorithms}},
  volume	= {9708},
  year		= {1997}
}

@misc{		  eesc/usp,
  howpublished	= {\url{http://www.sel.eesc.usp.br}},
  title		= {SEL - Departamento de Engenharia El{\'e}trica e de
		  Computa{\c c}{\~a}o - EESC/USP}
}

@article{	  eichten:2007sx,
  archiveprefix	= {arXiv},
  author	= {Eichten, Estia and Lane, Kenneth},
  doi		= {10.1016/j.physletb.2008.09.047},
  eprint	= {0706.2339},
  journal	= {Phys.Lett.},
  pages		= {235-238},
  primaryclass	= {hep-ph},
  reportnumber	= {FERMILAB-PUB-07-202-T, BUHEP-07-04},
  slaccitation	= {%%CITATION = ARXIV:0706.2339;%%},
  title		= {{Low-scale technicolor at the Tevatron and LHC}},
  volume	= {B669},
  year		= {2008}
}

@article{	  eichten:2012br,
  archiveprefix	= {arXiv},
  author	= {Eichten, Estia and Lane, Kenneth and Martin, Adam and
		  Pilon, Eric},
  eprint	= {1201.4396},
  primaryclass	= {hep-ph},
  reportnumber	= {FERMILAB-PUB-12-015-T, LAPTH-003-12},
  slaccitation	= {%%CITATION = ARXIV:1201.4396;%%},
  title		= {{Testing the Technicolor Interpretation of CDF's Dijet
		  Excess at the LHC}},
  year		= {2012}
}

@inbook{	  ellis:1991qj,
  author	= {R. Keith Ellis and W. James Stirling and B. R. Webber},
  chapter	= {9},
  journal	= {Camb.Monogr.Part.Phys.Nucl.Phys.Cosmol.},
  pages		= {319--321},
  publisher	= {Cambridge University Press},
  slaccitation	= {%%CITATION = CMPCE,8,1;%%},
  title		= {{QCD and Collider Physics}},
  volume	= {8},
  year		= {2003}
}

@article{	  ellis:1993tq,
  archiveprefix	= {arXiv},
  author	= {Stephen D. Ellis and Davison E. Soper},
  doi		= {10.1103/PhysRevD.48.3160},
  eprint	= {hep-ph/9305266},
  journal	= {Phys.Rev.},
  pages		= {3160--3166},
  primaryclass	= {hep-ph},
  reportnumber	= {CERN-TH-6860-93},
  slaccitation	= {%%CITATION = HEP-PH/9305266;%%},
  title		= {{Successive combination jet algorithm for hadron
		  collisions}},
  volume	= {D48},
  year		= {1993}
}

@book{		  ellis:2003tr,
  author	= {R. K. Ellis and W. J. Stirling and B. R. Webber},
  publisher	= {Cambridge University Press},
  series	= {Cambridge Monographs on Particle Physics, Nuclear Physics
		  and Cosmology},
  title		= {{QCD and Collider Physics}},
  year		= {2003}
}

@article{	  ellis:2009me,
  archiveprefix	= {arXiv},
  author	= {Ellis, Stephen D. and Vermilion, Christopher K. and Walsh,
		  Jonathan R.},
  doi		= {10.1103/PhysRevD.81.094023},
  eprint	= {0912.0033},
  journal	= {Phys.Rev.},
  pages		= {094023},
  primaryclass	= {hep-ph},
  slaccitation	= {%%CITATION = ARXIV:0912.0033;%%},
  title		= {{Recombination Algorithms and Jet Substructure: Pruning as
		  a Tool for Heavy Particle Searches}},
  volume	= {D81},
  year		= {2010}
}

@article{	  ellis:2009su,
  archiveprefix	= {arXiv},
  author	= {Stephen D. Ellis and Christopher K. Vermilion and Jonathan
		  R. Walsh},
  doi		= {10.1103/PhysRevD.80.051501},
  eprint	= {0903.5081},
  journal	= {Phys.Rev.},
  pages		= {051501},
  primaryclass	= {hep-ph},
  slaccitation	= {%%CITATION = ARXIV:0903.5081;%%},
  title		= {{Techniques for improved heavy particle searches with jet
		  substructure}},
  volume	= {D80},
  year		= {2009}
}

@article{Tanabashi:2018oca,
      author         = "Tanabashi, M. and others",
      title          = "{Review of Particle Physics}",
      collaboration  = "Particle Data Group",
      journal        = "Phys. Rev.",
      volume         = "D98",
      year           = "2018",
      number         = "3",
      pages          = "030001",
      doi            = "10.1103/PhysRevD.98.030001",
      SLACcitation   = "%%CITATION = PHRVA,D98,030001;%%"
}

@article{	  evans:2008zzb,
  author	= {Evans, Lyndon, (ed.) and Bryant, Philip, (ed.)},
  doi		= {10.1088/1748-0221/3/08/S08001},
  journal	= {JINST},
  pages		= {S08001},
  slaccitation	= {%%CITATION = JINST,3,S08001;%%},
  title		= {{LHC Machine}},
  volume	= {3},
  year		= {2008}
}

@article{	  fastjet,
  archiveprefix	= {arXiv},
  author	= {Cacciari, Matteo and Salam, Gavin P. and Soyez, Gregory},
  doi		= {10.1140/epjc/s10052-012-1896-2},
  eprint	= {1111.6097},
  journal	= {Eur.Phys.J.},
  pages		= {1896},
  primaryclass	= {hep-ph},
  reportnumber	= {CERN-PH-TH-2011-297},
  slaccitation	= {%%CITATION = ARXIV:1111.6097;%%},
  title		= {{FastJet User Manual}},
  volume	= {C72},
  year		= {2012}
}

@misc{		  fcc,
  note		= {\url{http://tlep.web.cern.ch}},
  title		= {Future Circular Colliders}
}

@article{Gomez-Ceballos:2013zzn,
      author         = "Bicer, M. and others",
      title          = "{First Look at the Physics Case of TLEP}",
      booktitle      = "{Proceedings, 2013 Community Summer Study on the Future
                        of U.S. Particle Physics: Snowmass on the Mississippi
                        (CSS2013): Minneapolis, MN, USA, July 29-August 6, 2013}",
      collaboration  = "TLEP Design Study Working Group",
      journal        = "JHEP",
      volume         = "01",
      year           = "2014",
      pages          = "164",
      doi            = "10.1007/JHEP01(2014)164",
      eprint         = "1308.6176",
      archivePrefix  = "arXiv",
      primaryClass   = "hep-ex",
      SLACcitation   = "%%CITATION = ARXIV:1308.6176;%%"
}

@article{Mangano:2017tke,
      author         = "Mangano, Michelangelo",
      title          = "{Physics at the FCC-hh, a 100 TeV pp collider}",
      year           = "2017",
      doi            = "10.23731/CYRM-2017-003",
      eprint         = "1710.06353",
      archivePrefix  = "arXiv",
      primaryClass   = "hep-ph",
      reportNumber   = "CERN-2017-003-M",
      SLACcitation   = "%%CITATION = ARXIV:1710.06353;%%"
}

@article{	  fitzpatrick:2007qr,
  archiveprefix	= {arXiv},
  author	= {Fitzpatrick, A. Liam and Kaplan, Jared and Randall, Lisa
		  and Wang, Lian-Tao},
  doi		= {10.1088/1126-6708/2007/09/013},
  eprint	= {hep-ph/0701150},
  journal	= {JHEP},
  pages		= {013},
  primaryclass	= {hep-ph},
  slaccitation	= {%%CITATION = HEP-PH/0701150;%%},
  title		= {{Searching for the Kaluza-Klein Graviton in Bulk RS
		  Models}},
  volume	= {0709},
  year		= {2007}
}

@misc{ AtlasUpgradeEventDisplays,
note = {\url{https://twiki.cern.ch/twiki/bin/view/AtlasPublic/UpgradeEventDisplays}},
title = "{ATLAS Experiment -- Public Results: Event Displays from Upgrade Physics Simulated Data}"
}

@misc{ CMSFuture,
note = {\url{http://cms-results.web.cern.ch/cms-results/public-results/preliminary-results/FTR/index.html
}},
title = "{CMS Experiment -- Projected Physics Results}"
}

@misc { CMSPublic,
note = {\url{http://cms-results.web.cern.ch/cms-results/public-results/publications/}},
title = "{CMS Experiment -- Public Results}"
}

@article{Abe:2018uyc,
      author         = "Abe, K. and others",
      title          = "{Hyper-Kamiokande Design Report}",
      collaboration  = "Hyper-Kamiokande",
      year           = "2018",
      eprint         = "1805.04163",
      archivePrefix  = "arXiv",
      primaryClass   = "physics.ins-det",
      SLACcitation   = "%%CITATION = ARXIV:1805.04163;%%"
}

@misc {LHCEndRun2,
note = {\url{https://home.cern/news/news/accelerators/lhc-report-another-run-over-and-ls2-has-just-begun}},
title = "{LHC Report: Another run is over and LS2 has just begun…}"
}
@article{Baer:2013cma,
      author         = "Baer, Howard and Barklow, Tim and Fujii, Keisuke and Gao,
                        Yuanning and Hoang, Andre and Kanemura, Shinya and List,
                        Jenny and Logan, Heather E. and Nomerotski, Andrei and
                        Perelstein, Maxim and others ",
      title          = "{The International Linear Collider Technical Design
                        Report - Volume 2: Physics}",
      year           = "2013",
      eprint         = "1306.6352",
      archivePrefix  = "arXiv",
      primaryClass   = "hep-ph",
      reportNumber   = "ILC-REPORT-2013-040, ANL-HEP-TR-13-20,
                        BNL-100603-2013-IR, IRFU-13-59, CERN-ATS-2013-037,
                        COCKCROFT-13-10, CLNS-13-2085, DESY-13-062,
                        FERMILAB-TM-2554, IHEP-AC-ILC-2013-001, INFN-13-04-LNF,
                        JAI-2013-001, JINR-E9-2013-35, JLAB-R-2013-01,
                        KEK-REPORT-2013-1, KNU-CHEP-ILC-2013-1, LLNL-TR-635539,
                        SLAC-R-1004, ILC-HIGRADE-REPORT-2013-003",
      SLACcitation   = "%%CITATION = ARXIV:1306.6352;%%"
}

@misc{		  flc,
  note		= {\url{http://www.linearcollider.org}},
  title		= {LCC - Linear Collider Collaboration}
}

@article{	  fruhwirth:1996be,
  author	= {R. Fr{\"u}hwirth},
  doi		= {10.1016/S0010-4655(96)00155-5},
  journal	= {Comput.Phys.Commun.},
  pages		= {1--16},
  reportnumber	= {HEPHY-PUB-658-96},
  slaccitation	= {%%CITATION = CPHCB,100,1;%%},
  title		= {{Track fitting with nonGaussian noise}},
  volume	= {100},
  year		= {1997}
}

@book{		  fruhwirth:2000tr,
  author	= {R. Fr{\"u}hwirth and M. Regler and R. K. Bock and H. Grote
		  and D. Notz},
  publisher	= {Cambridge University Press},
  series	= {Cambridge Monographs on Particle Physics, Nuclear Physics
		  and Cosmology},
  title		= {{Data Analysis Techniques for High-Energy Physics}},
  year		= {2000}
}

@article{	  gao:2010qx,
  author	= "Gao, Yanyan and Gritsan, Andrei V. and Guo, Zijin and
		  Melnikov, Kirill and Schulze, Markus and Tran, Nhan V.",
  title		= "{Spin determination of single-produced resonances at
		  hadron colliders}",
  journal	= "Phys. Rev.",
  volume	= "D81",
  year		= "2010",
  pages		= "075022",
  doi		= "10.1103/PhysRevD.81.075022",
  eprint	= "1001.3396",
  archiveprefix	= "arXiv",
  primaryclass	= "hep-ph",
  reportnumber	= "FERMILAB-PUB-10-011-E",
  slaccitation	= "%%CITATION = ARXIV:1001.3396;%%"
}

@article{	  giudice:1998ck,
  archiveprefix	= {arXiv},
  author	= {G. F. Giudice and R. Rattazzi and J. D. Wells},
  doi		= {10.1016/S0550-3213(99)00044-9},
  eprint	= {hep-ph/9811291},
  journal	= {Nucl. Phys.},
  pages		= {3--38},
  primaryclass	= {hep-ph},
  title		= {{Quantum gravity and extra dimensions at high-energy
		  colliders}},
  volume	= {B544},
  year		= {1999}
}

@article{	  gleisberg:2008ta,
  archiveprefix	= {arXiv},
  author	= {Gleisberg, T. and Hoeche, Stefan. and Krauss, F. and
		  Schonherr, M. and Schumann, S. and others},
  doi		= {10.1088/1126-6708/2009/02/007},
  eprint	= {0811.4622},
  journal	= {JHEP},
  pages		= {007},
  primaryclass	= {hep-ph},
  reportnumber	= {FERMILAB-PUB-08-477-T, SLAC-PUB-13420, ZU-TH-17-08,
		  DCPT-08-138, IPPP-08-69, EDINBURGH-2008-30, MCNET-08-14},
  slaccitation	= {%%CITATION = ARXIV:0811.4622;%%},
  title		= {{Event generation with SHERPA 1.1}},
  volume	= {0902},
  year		= {2009}
}

@article{	  goodman:2010ku,
  author	= "Goodman, Jessica and Ibe, Masahiro and Rajaraman, Arvind
		  and Shepherd, William and Tait, Tim M. P. and Yu, Hai-Bo",
  title		= "{Constraints on Dark Matter from Colliders}",
  journal	= "Phys. Rev.",
  volume	= "D82",
  year		= "2010",
  pages		= "116010",
  doi		= "10.1103/PhysRevD.82.116010",
  eprint	= "1008.1783",
  archiveprefix	= "arXiv",
  primaryclass	= "hep-ph",
  reportnumber	= "UCI-HEP-TR-2010-15",
  slaccitation	= "%%CITATION = ARXIV:1008.1783;%%"
}

@article{	  gouzevitch:2013qca,
  archiveprefix	= {arXiv},
  author	= {Gouzevitch, Maxime and Oliveira, Alexandra and Rojo, Juan
		  and Rosenfeld, Rogerio and Salam, Gavin and others},
  eprint	= {1303.6636},
  primaryclass	= {hep-ph},
  reportnumber	= {CERN-PH-TH-2012-311, ICTP-SAIFR-2013-003},
  slaccitation	= {%%CITATION = ARXIV:1303.6636;%%},
  title		= {{Scale-invariant resonance tagging in multijet events and
		  new physics in Higgs pair production}},
  year		= {2013}
}

@article{	  greco:2014aza,
  archiveprefix	= {arXiv},
  author	= {Greco, Davide and Liu, Da},
  doi		= {10.1007/JHEP12(2014)126},
  eprint	= {1410.2883},
  journal	= {JHEP},
  pages		= {126},
  primaryclass	= {hep-ph},
  slaccitation	= {%%CITATION = ARXIV:1410.2883;%%},
  title		= {{Hunting composite vector resonances at the LHC:
		  naturalness facing data}},
  volume	= {1412},
  year		= {2014}
}

@article{	  green:2000dr,
  author	= {D. Green},
  journal	= {Camb.Monogr.Part.Phys.Nucl.Phys.Cosmol.},
  pages		= {1--361},
  slaccitation	= {%%CITATION = CMPCE,12,1;%%},
  title		= {{The physics of particle detectors}},
  volume	= {12},
  year		= {2000}
}

@book{		  green:2005tr,
  author	= {D. Green},
  publisher	= {Cambridge University Press},
  series	= {Cambridge Monographs on Particle Physics, Nuclear Physics
		  and Cosmology},
  title		= {{The Physics of Particle Detectors}},
  year		= {2005}
}

@book{		  griffiths:2016tr,
  author	= {D. J. Griffiths},
  publisher	= {Cambridge University Press},
  title		= {{Introduction to Quantum Mechanics}},
  year		= {2016}
}

@article{	  grupen:2008zz,
  author	= {Claus Grupen and Boris Schwartz},
  slaccitation	= {%%CITATION = INSPIRE-809761;%%},
  title		= {{Particle detectors}},
  year		= {2008}
}

@book{		  grupen:2011tr,
  author	= {Claus Grupen and Boris Schwartz},
  publisher	= {Cambridge University Press},
  series	= {Cambridge Monographs on Particle Physics, Nuclear Physics
		  and Cosmology},
  title		= {{Particle Detectors}},
  year		= {2011}
}

@article{	  gyulassy:1994ew,
  archiveprefix	= {arXiv},
  author	= {Gyulassy, Miklos and Wang, Xin-Nian},
  doi		= {10.1016/0010-4655(94)90057-4},
  eprint	= {nucl-th/9502021},
  journal	= {Comput.Phys.Commun.},
  pages		= {307},
  primaryclass	= {nucl-th},
  reportnumber	= {LBL-34246},
  slaccitation	= {%%CITATION = NUCL-TH/9502021;%%},
  title		= {{HIJING 1.0: A Monte Carlo program for parton and particle
		  production in high-energy hadronic and nuclear
		  collisions}},
  volume	= {83},
  year		= {1994}
}

@book{		  halzen:1984tr,
  author	= {F. Halzen and A. D. Martin},
  publisher	= {John Wiley \% Sons},
  title		= {{Quarks and Leptons: An Introductory Course in Modern
		  Particle Physics}},
  year		= {1984}
}

@article{	  han:1998sg,
  archiveprefix	= {arXiv},
  author	= {T. Han and J. D. Lykken and R.-J. Zhang},
  doi		= {10.1103/PhysRevD.59.105006},
  eprint	= {hep-ph/9811350},
  journal	= {Phys. Rev.},
  pages		= {105006},
  primaryclass	= {hep-ph},
  title		= {{On Kaluza-Klein states from large extra dimensions}},
  volume	= {D59},
  year		= {1999}
}

@book{		  hastie2009elements,
  title		= {The Elements of Statistical Learning: Data Mining,
		  Inference, and Prediction, Second Edition},
  author	= {Hastie, T. and Tibshirani, R. and Friedman, J.},
  isbn		= {9780387848587},
  lccn		= {2008941148},
  series	= {Springer Series in Statistics},
  url		= {https://books.google.com.br/books?id=tVIjmNS3Ob8C},
  year		= {2009},
  publisher	= {Springer New York}
}

@misc{		  hepdata,
  howpublished	= {\url{http://hepdata.cedar.ac.uk/}},
  title		= "{Durham High Energy Physics Database (HEPDATA)}",
  author	= {G. Watt and M. Whalley and J. Bentham and F. Krauss},
  institution	= {Durham University}
}

@misc{		  CERNopendata,
  howpublished	= {\url{http://opendata.cern.ch}},
  title		= "{CERN Open Data Portal}",
  author	= "{CERN Open Data team}",
  institution	= {CERN}
}

@article{	  herquet:2008zz,
  author	= {Michel Herquet and Fabio Maltoni},
  doi		= {10.1016/j.nuclphysbps.2008.07.026},
  journal	= {Nucl.Phys.Proc.Suppl.},
  pages		= {211--217},
  slaccitation	= {%%CITATION = NUPHZ,179-180,211;%%},
  title		= {{MadGraph/MadEvent : A multipurpose event generator}},
  volume	= {179-180},
  year		= {2008}
}

@article{	  hewett:2002hv,
  archiveprefix	= {arXiv},
  author	= {JoAnne L. Hewett and Maria Spiropulu},
  doi		= {10.1146/annurev.nucl.52.050102.090706},
  eprint	= {hep-ph/0205106},
  journal	= {Ann.Rev.Nucl.Part.Sci.},
  pages		= {397--424},
  primaryclass	= {hep-ph},
  reportnumber	= {SLAC-PUB-9194, EFI-02-70},
  slaccitation	= {%%CITATION = HEP-PH/0205106;%%},
  title		= {{Particle Physics Probes Of Extra Spacetime Dimensions}},
  volume	= {52},
  year		= {2002}
}

@article{	  hinshaw:2012aka,
  author	= "Hinshaw, G. and others",
  title		= "{Nine-Year Wilkinson Microwave Anisotropy Probe (WMAP)
		  Observations: Cosmological Parameter Results}",
  collaboration	= "WMAP",
  journal	= "Astrophys. J. Suppl.",
  volume	= "208",
  year		= "2013",
  pages		= "19",
  doi		= "10.1088/0067-0049/208/2/19",
  eprint	= "1212.5226",
  archiveprefix	= "arXiv",
  primaryclass	= "astro-ph.CO",
  slaccitation	= "%%CITATION = ARXIV:1212.5226;%%"
}

@misc{		  hllhc,
  author	= {L. Rossi and others},
  title		= {{2nd Periodic HILUMI LHC Report}},
  type		= {{Project Periodic Report}},
  howpublished	= {\url{http://hilumilhc.web.cern.ch/sites/hilumilhc.web.cern.ch/files/HiLumi-P2-report_public_version.pdf}},
  year		= {2014}
}

@unpublished{	  hvtwebpage,
  author	= {{D. Pappadopulo, A. Thamm, R. Torre and A. Wulzer}},
  title		= {{Tools for the study of heavy vector triplets}},
  url		= {http://rtorre.web.cern.ch/rtorre/Newsite/vector_triplet_t.html}
}

@article{	  james:2006mj,
  author	= {E. James and Y. Maravin and M. Mulders and N. Neumeister},
  journal	= {CERN-CMS-NOTE-2006-010},
  reportnumber	= {CERN-CMS-NOTE-2006-010},
  slaccitation	= {%%CITATION = CERN-CMS-NOTE-2006-010 ETC.;%%},
  title		= {{Muon identification in CMS}},
  year		= {2006}
}

@book{		  suber:2012mit,
  author	= {P. Suber},
  publisher	= {The MIT Press},
  title		= {{Open Access}},
  series    = {{The MIT Press Essential Knowledge series}},
  year		= {2012}
}

@book{		  james:2006tr,
  author	= {F. James},
  publisher	= {World Scientific},
  title		= {{Statistical Methods in Experimental Physics}},
  year		= {2006}
}

@article{	  jarosik:2010iu,
  archiveprefix	= {arXiv},
  author	= {N. Jarosik and C. L. Bennett and J. Dunkley and B. Gold
		  and M. R. Greason and others},
  doi		= {10.1088/0067-0049/192/2/14},
  eprint	= {1001.4744},
  journal	= {Astrophys.J.Suppl.},
  pages		= {14},
  primaryclass	= {astro-ph.CO},
  slaccitation	= {%%CITATION = ARXIV:1001.4744;%%},
  title		= {{Seven-Year Wilkinson Microwave Anisotropy Probe (WMAP)
		  Observations: Sky Maps, Systematic Errors, and Basic
		  Results}},
  volume	= {192},
  year		= {2011}
}

@misc{		  jcmf2017,
  howpublished	= {\url{https://goo.gl/2OrQSw}},
  title		= {Estudantes participam de Masterclass de física para
		  celebrar Dia das Mulheres e Meninas na Ciência},
  author	= {Klebis, Daniela}
}

@article{	  jetarea_fastjet,
  archiveprefix	= {arXiv},
  author	= {Cacciari, Matteo and Salam, Gavin P. and Soyez, Gregory},
  doi		= {10.1088/1126-6708/2008/04/005},
  eprint	= {0802.1188},
  journal	= {JHEP},
  pages		= {005},
  primaryclass	= {hep-ph},
  slaccitation	= {%%CITATION = 0802.1188;%%},
  title		= {{The Catchment Area of Jets}},
  volume	= {04},
  year		= {2008}
}

@unpublished{	  jetid_jme,
  author	= {{JME POG}},
  title		= {{Jet Identification: Recommendations for 13TeV data
		  analysis}},
  url		= {https://twiki.cern.ch/twiki/bin/viewauth/CMS/JetID#Recommendations_for_8_TeV_data_a}
}

@conference{	  chivukula:2000mb,
  archiveprefix	= {arXiv},
  author	= {R. Sekhar Chivukula},
  booktitle	= {{TASI 2000, Flavor Physics for the Millennium}},
  editor	= {J. L. Rosner},
  eprint	= {hep-ph/0011264},
  primaryclass	= {hep-ph},
  publisher	= {World Scientific},
  reportnumber	= {BUHEP-00-24},
  slaccitation	= {%%CITATION = HEP-PH/0011264;%%},
  title		= {{Lectures on Technicolor and Compositeness}},
  year		= {2000}
}

@article{	  jetmass_nnll1,
  archiveprefix	= {arXiv},
  author	= {Dasgupta, Mrinal and Fregoso, Alessandro and Marzani,
		  Simone and Salam, Gavin P.},
  doi		= {10.1007/JHEP09(2013)029},
  eprint	= {1307.0007},
  journal	= {JHEP},
  pages		= {029},
  primaryclass	= {hep-ph},
  reportnumber	= {CERN-PH-TH-2013-145, DCPT-13-86, IPPP-13-43, LPN13-036,
		  MAN-HEP-2013-12},
  slaccitation	= {%%CITATION = ARXIV:1307.0007;%%},
  title		= {{Towards an understanding of jet substructure}},
  volume	= {1309},
  year		= {2013}
}

@conference{	  martin:1997ns,
  archiveprefix	= {arXiv},
  author	= {Stephen P. Martin},
  booktitle	= {{Perspectives on Supersymmetry}},
  editor	= {G. L. Kane},
  eprint	= {hep-ph/9709356},
  primaryclass	= {hep-ph},
  publisher	= {World Scientific},
  slaccitation	= {%%CITATION = HEP-PH/9709356;%%},
  title		= {{A Supersymmetry Primer}},
  year		= {1998}
}

@conference{	  novaes:1999yn,
  archiveprefix	= {arXiv},
  author	= {S. F. Novaes},
  booktitle	= {{Particles and Fields: Proceedings of the X J. A. Swieca
		  Summer School}},
  editor	= {J. C. A. Barata and M. Begali and R. Rosenfeld},
  eprint	= {hep-ph/0001283},
  primaryclass	= {hep-ph},
  publisher	= {World Scientific},
  reportnumber	= {IFT-P-010-2000},
  slaccitation	= {%%CITATION = HEP-PH/0001283;%%},
  title		= {{Standard Model: An Introduction}},
  year		= {2000}
}

@conference{	  langacker:2009my,
  archiveprefix	= {arXiv},
  author	= {Paul Langacker},
  booktitle	= {{The Dawn of the LHC Era: TASI 2008}},
  editor	= {T. Han},
  eprint	= {0901.0241},
  primaryclass	= {hep-ph},
  publisher	= {World Scientific},
  slaccitation	= {%%CITATION = ARXIV:0901.0241;%%},
  title		= {{Introduction to the Standard Model and Electroweak
		  Physics}},
  year		= {2010}
}

@conference{	  pich:2012sx,
  address	= {CERN, Geneva, Switzerland},
  archiveprefix	= {arXiv},
  author	= {Antonio Pich},
  booktitle	= {{CERN-Fermilab Hadron Collider Physics Summer School}},
  eprint	= {1201.0537},
  primaryclass	= {hep-ph},
  reportnumber	= {IFIC-11-73, FTUV-12-0102, CERN-2012-001},
  slaccitation	= {%%CITATION = ARXIV:1201.0537;%%},
  title		= {{The Standard Model of Electroweak Interactions}},
  year		= {2011}
}

@article{	  jetmass_nnll2,
  archiveprefix	= {arXiv},
  author	= {Dasgupta, Mrinal and Fregoso, Alessandro and Marzani,
		  Simone and Powling, Alexander},
  doi		= {10.1140/epjc/s10052-013-2623-3},
  eprint	= {1307.0013},
  journal	= {Eur.Phys.J.},
  number	= {11},
  pages		= {2623},
  primaryclass	= {hep-ph},
  reportnumber	= {DCPT-13-88, IPPP-13-44, MAN-HEP-2013-11},
  slaccitation	= {%%CITATION = ARXIV:1307.0013;%%},
  title		= {{Jet substructure with analytical methods}},
  volume	= {C73},
  year		= {2013}
}

@article{	  jme-14-001,
  author	= {CMS Collaboration},
  collaboration	= {CMS},
  reportnumber	= {CMS-PAS-JME-14-001},
  slaccitation	= {%%CITATION = CMS-PAS-JME-14-001 ETC.;%%},
  title		= {{Pileup Removal Algorithms}},
  year		= {2014}
}

@article{	  jme_jinst,
  archiveprefix	= {arXiv},
  author	= {Chatrchyan, Serguei and others},
  collaboration	= {CMS},
  doi		= {10.1088/1748-0221/6/11/P11002},
  eprint	= {1107.4277},
  journal	= {JINST},
  pages		= {P11002},
  primaryclass	= {physics.ins-det},
  reportnumber	= {CERN-PH-EP-2011-102, CMS-JME-10-011},
  slaccitation	= {%%CITATION = ARXIV:1107.4277;%%},
  title		= {{Determination of Jet Energy Calibration and Transverse
		  Momentum Resolution in CMS}},
  volume	= {6},
  year		= {2011}
}

@misc{		  jonespresentation,
  author	= {C. Jones},
  title		= {{Using the CMS Threaded Framework In A Production
		  Environment}},
  howpublished	= {\url{http://indico.cern.ch/event/304944/session/2/contribution/120}},
  address	= {{21st International Conference on Computing in High Energy
		  and Nuclear Physics (CHEP2015)}},
  year		= {2015}
}

@article{	  junk:1999kv,
  author	= "Junk, Thomas",
  title		= "{Confidence level computation for combining searches with
		  small statistics}",
  journal	= "Nucl. Instrum. Meth.",
  volume	= "A434",
  year		= "1999",
  pages		= "435-443",
  doi		= "10.1016/S0168-9002(99)00498-2",
  eprint	= "hep-ex/9902006",
  archiveprefix	= "arXiv",
  primaryclass	= "hep-ex",
  reportnumber	= "CARLETON-OPAL-PHYS-99-01, CERN-EP-99-041",
  slaccitation	= "%%CITATION = HEP-EX/9902006;%%"
}

@article{	  kaluza:1921tu,
  author	= {Theodor Kaluza},
  journal	= {Sitzungsber.Preuss.Akad.Wiss.Berlin (Math.Phys.)},
  pages		= {966--972},
  slaccitation	= {%%CITATION = SPWPA,1921,966;%%},
  title		= {{On the Problem of Unity in Physics}},
  volume	= {1921},
  year		= {1921}
}

@article{	  kaplan:1991dc,
  author	= {Kaplan, David B.},
  doi		= {10.1016/S0550-3213(05)80021-5},
  journal	= {Nucl.Phys.},
  pages		= {259-278},
  reportnumber	= {UCSD-PTH-91-04},
  slaccitation	= {%%CITATION = NUPHA,B365,259;%%},
  title		= {{Flavor at SSC energies: A New mechanism for dynamically
		  generated fermion masses}},
  volume	= {B365},
  year		= {1991}
}

@article{	  kelley:2010ap,
  archiveprefix	= {arXiv},
  author	= {Randall Kelley and Lisa Randall and Brian Shuve},
  doi		= {10.1007/JHEP02(2011)014},
  eprint	= {1011.0728},
  journal	= {JHEP},
  pages		= {014},
  primaryclass	= {hep-ph},
  slaccitation	= {%%CITATION = ARXIV:1011.0728;%%},
  title		= {{Early (and Later) LHC Search Strategies for Broad Dimuon
		  Resonances}},
  volume	= {1102},
  year		= {2011}
}

@article{	  khachatryan:2010jd,
  archiveprefix	= {arXiv},
  author	= {Vardan Khachatryan and others},
  collaboration	= {CMS},
  doi		= {10.1103/PhysRevLett.105.211801},
  eprint	= {1010.0203},
  journal	= {Phys.Rev.Lett.},
  pages		= {211801},
  primaryclass	= {hep-ex},
  reportnumber	= {CMS-EXO-10-010, CERN-PH-EP-2010-035},
  slaccitation	= {%%CITATION = ARXIV:1010.0203;%%},
  title		= {{Search for Dijet Resonances in 7 TeV pp Collisions at
		  CMS}},
  volume	= {105},
  year		= {2010}
}

@unpublished{	  khachatryan:2010mp,
  archiveprefix	= {arXiv},
  author	= {{CMS Collaboration}},
  collaboration	= {CMS},
  eprint	= {1012.4031},
  note		= {Submitted to \textit{Phys. Rev. Lett.}},
  primaryclass	= {hep-ex},
  slaccitation	= {%%CITATION = 1012.4031;%%},
  title		= {Search for Pair Production of First-Generation Scalar
		  Leptoquarks in pp Collisions at $\sqrt{s} = 7$ {TeV}},
  year		= {2010}
}

@article{	  khachatryan:2010te,
  archiveprefix	= {arXiv},
  author	= {Vardan Khachatryan and others},
  collaboration	= {CMS},
  doi		= {10.1103/PhysRevLett.105.262001},
  eprint	= {1010.4439},
  journal	= {Phys.Rev.Lett.},
  pages		= {262001},
  primaryclass	= {hep-ex},
  reportnumber	= {CMS-EXO-10-002, CERN-PH-EP-2010-038},
  slaccitation	= {%%CITATION = ARXIV:1010.4439;%%},
  title		= {{Search for Quark Compositeness with the Dijet Centrality
		  Ratio in pp Collisions at sqrt(s)=7 TeV}},
  volume	= {105},
  year		= {2010}
}

@article{	  khachatryan:2014gha,
  author	= "Khachatryan, Vardan and others",
  title		= "{Search for massive resonances decaying into pairs of
		  boosted bosons in semi-leptonic final states at $\sqrt{s}
		  =$ 8 TeV}",
  collaboration	= "CMS",
  journal	= "JHEP",
  volume	= "08",
  year		= "2014",
  pages		= "174",
  doi		= "10.1007/JHEP08(2014)174",
  eprint	= "1405.3447",
  archiveprefix	= "arXiv",
  primaryclass	= "hep-ex",
  reportnumber	= "CMS-EXO-13-009, CERN-PH-EP-2014-076",
  slaccitation	= "%%CITATION = ARXIV:1405.3447;%%"
}

@article{	  khachatryan:2014hpa,
  author	= "Khachatryan, Vardan and others",
  title		= "{Search for massive resonances in dijet systems containing
		  jets tagged as W or Z boson decays in pp collisions at $
		  \sqrt{s} $ = 8 TeV}",
  collaboration	= "CMS",
  journal	= "JHEP",
  volume	= "08",
  year		= "2014",
  pages		= "173",
  doi		= "10.1007/JHEP08(2014)173",
  eprint	= "1405.1994",
  archiveprefix	= "arXiv",
  primaryclass	= "hep-ex",
  reportnumber	= "CMS-EXO-12-024, CERN-PH-EP-2014-071",
  slaccitation	= "%%CITATION = ARXIV:1405.1994;%%"
}

@article{	  khachatryan:2014rra,
  author	= "Khachatryan, Vardan and others",
  title		= "{Search for dark matter, extra dimensions, and unparticles
		  in monojet events in proton–proton collisions at
		  $\sqrt{s} = 8$ TeV}",
  collaboration	= "CMS",
  journal	= "Eur. Phys. J.",
  volume	= "C75",
  year		= "2015",
  number	= "5",
  pages		= "235",
  doi		= "10.1140/epjc/s10052-015-3451-4",
  eprint	= "1408.3583",
  archiveprefix	= "arXiv",
  primaryclass	= "hep-ex",
  reportnumber	= "CMS-EXO-12-048, CERN-PH-EP-2014-164",
  slaccitation	= "%%CITATION = ARXIV:1408.3583;%%"
}

@article{	  khachatryan:2015bma,
  author	= "Khachatryan, Vardan and others",
  title		= "{Search for a massive resonance decaying into a Higgs
		  boson and a W or Z boson in hadronic final states in
		  proton-proton collisions at $ \sqrt{s}=8 $ TeV}",
  collaboration	= "CMS",
  journal	= "JHEP",
  volume	= "02",
  year		= "2016",
  pages		= "145",
  doi		= "10.1007/JHEP02(2016)145",
  eprint	= "1506.01443",
  archiveprefix	= "arXiv",
  primaryclass	= "hep-ex",
  reportnumber	= "CMS-EXO-14-009, CERN-PH-EP-2015-096",
  slaccitation	= "%%CITATION = ARXIV:1506.01443;%%"
}

@article{	  khachatryan:2015ywa,
  author	= "Khachatryan, Vardan and others",
  title		= "{Search for Narrow High-Mass Resonances in Proton–Proton
		  Collisions at $\sqrt{s}$ = 8 TeV Decaying to a Z and a
		  Higgs Boson}",
  collaboration	= "CMS",
  journal	= "Phys. Lett.",
  volume	= "B748",
  year		= "2015",
  pages		= "255-277",
  doi		= "10.1016/j.physletb.2015.07.011",
  eprint	= "1502.04994",
  archiveprefix	= "arXiv",
  primaryclass	= "hep-ex",
  reportnumber	= "CMS-EXO-13-007, CERN-PH-EP-2015-010",
  slaccitation	= "%%CITATION = ARXIV:1502.04994;%%"
}

@article{	  khachatryan:2016cfa,
  author	= "Khachatryan, Vardan and others",
  title		= "{Search for heavy resonances decaying to two Higgs bosons
		  in final states containing four b quarks}",
  collaboration	= "CMS",
  journal	= "Submitted to: Eur. Phys. J. C",
  year		= "2016",
  eprint	= "1602.08762",
  archiveprefix	= "arXiv",
  primaryclass	= "hep-ex",
  reportnumber	= "CMS-EXO-12-053, CERN-EP-2016-041, FERMILAB-PUB-16-053-CMS",
  slaccitation	= "%%CITATION = ARXIV:1602.08762;%%"
}

@techreport{	  kirschenmann:1627818,
  address	= {Geneva},
  author	= {Kirschenmann, Henning},
  collaboration	= {CMS Collaboration},
  institution	= {CERN},
  month		= {Oct},
  number	= {CMS-CR-2013-325},
  reportnumber	= {CMS-CR-2013-325},
  title		= {{Jet performance in CMS}},
  url		= {https://cds.cern.ch/record/1627818},
  year		= {2013}
}

@conference{	  ref:phedex,
  address	= {Mumbai, India},
  author	= {L Tuura and T Barrass and Bonacorsi D and others},
  booktitle	= {{Computing in High Energy and Nuclear Physics}},
  title		= {{PhEDEx high-throughput data transfer management system}},
  year		= {2006}
}

@article{	  klein:1926tv,
  author	= {O. Klein},
  doi		= {10.1007/BF01397481, 10.1007/BF01397481},
  journal	= {Z.Phys.},
  pages		= {895--906},
  slaccitation	= {%%CITATION = ZEPYA,37,895;%%},
  title		= {{Quantum Theory and Five-Dimensional Theory of Relativity.
		  (In German and English)}},
  volume	= {37},
  year		= {1926}
}

@article{	  kluth:2006bw,
  archiveprefix	= {arXiv},
  author	= {Stefan Kluth},
  doi		= {10.1088/0034-4885/69/6/R04},
  eprint	= {hep-ex/0603011},
  journal	= {Rept.Prog.Phys.},
  pages		= {1771--1846},
  primaryclass	= {hep-ex},
  reportnumber	= {MPP-2006-19},
  slaccitation	= {%%CITATION = HEP-EX/0603011;%%},
  title		= {{Tests of Quantum Chromo Dynamics at e+ e- Colliders}},
  volume	= {69},
  year		= {2006}
}

@book{		  koenig:2000tr,
  author	= {A. Koenig and B. Moo},
  publisher	= {Addison-Wesley Professional},
  title		= {{Accelerated C++: Practical Programming by Example}},
  year		= {2000}
}

@article{	  komatsu:2010fb,
  archiveprefix	= {arXiv},
  author	= {E. Komatsu and others},
  collaboration	= {WMAP},
  doi		= {10.1088/0067-0049/192/2/18},
  eprint	= {1001.4538},
  journal	= {Astrophys.J.Suppl.},
  note		= {57 pages, 20 figures. Accepted for publication in ApJS.
		  (v2) References added. The SZ section expanded with more
		  analysis. The discrepancy between the KS and X-ray derived
		  profiles has been resolved. (v3) New analysis of the SZ
		  effect on individual clusters added (Section 7.3). The LCDM
		  parameters have been updated using the latest recombination
		  history code (RECFAST version 1.5)},
  pages		= {18},
  primaryclass	= {astro-ph.CO},
  slaccitation	= {%%CITATION = ARXIV:1001.4538;%%},
  title		= {{Seven-Year Wilkinson Microwave Anisotropy Probe (WMAP)
		  Observations: Cosmological Interpretation}},
  volume	= {192},
  year		= {2011}
}

@article{	  kowalski:2008ez,
  archiveprefix	= {arXiv},
  author	= {M. Kowalski and others},
  collaboration	= {Supernova Cosmology Project},
  doi		= {10.1086/589937},
  eprint	= {0804.4142},
  journal	= {Astrophys.J.},
  pages		= {749--778},
  primaryclass	= {astro-ph},
  reportnumber	= {FERMILAB-PUB-08-671-A},
  slaccitation	= {%%CITATION = ARXIV:0804.4142;%%},
  title		= {{Improved Cosmological Constraints from New, Old and
		  Combined Supernova Datasets}},
  volume	= {686},
  year		= {2008}
}

@article{	  kreis:2015jjr,
  author	= "Kreis, B. and others",
  title		= "{Run 2 Upgrades to the CMS Level-1 Calorimeter Trigger}",
  booktitle	= "{Proceedings, Topical Workshop on Electronics for Particle
		  Physics (TWEPP14)}",
  collaboration	= "CMS",
  journal	= "JINST",
  volume	= "11",
  year		= "2016",
  number	= "01",
  pages		= "C01051",
  doi		= "10.1088/1748-0221/11/01/C01051",
  eprint	= "1511.05855",
  archiveprefix	= "arXiv",
  primaryclass	= "physics.ins-det",
  reportnumber	= "FERMILAB-CONF-15-503-CMS",
  slaccitation	= "%%CITATION = ARXIV:1511.05855;%%"
}

@article{	  kuznetsov20101535,
  author	= {Valentin Kuznetsov and Dave Evans and Simon Metson},
  doi		= {10.1016/j.procs.2010.04.172},
  issn		= {1877-0509},
  journal	= {Procedia Computer Science},
  keywords	= {HEP},
  number	= {1},
  pages		= {1535--1543},
  title		= {{The CMS data aggregation system}},
  url		= {http://www.sciencedirect.com/science/article/pii/S1877050910001730},
  volume	= {1},
  year		= {2010}
}

@book{		  langacker:2009tr,
  author	= {Paul Langacker},
  publisher	= {CRC Press},
  series	= {Series in High Energy Physics, Cosmology and Gravitation},
  title		= {{The Standard Model and Beyond}},
  year		= {2009}
}

@article{	  larkoski:2014wba,
  archiveprefix	= {arXiv},
  author	= {Larkoski, Andrew J. and Marzani, Simone and Soyez, Gregory
		  and Thaler, Jesse},
  doi		= {10.1007/JHEP05(2014)146},
  eprint	= {1402.2657},
  journal	= {JHEP},
  pages		= {146},
  primaryclass	= {hep-ph},
  reportnumber	= {MIT-CTP-4531, DCPT-14-24, IPPP-14-12},
  slaccitation	= {%%CITATION = ARXIV:1402.2657;%%},
  title		= {{Soft Drop}},
  volume	= {1405},
  year		= {2014}
}

@unpublished{	  lepewkfits,
  archiveprefix	= {arXiv},
  author	= {{ALEPH, CDF, D0, DELPHI, L3, OPAL, SLD Collaborations, the
		  LEP Electroweak Working Group, the Tevatron Electroweak
		  Working Group, and the SLD Electroweak and Heavy Flavour
		  Groups}},
  eprint	= {1012.2367},
  primaryclass	= {hep-ex},
  slaccitation	= {%%CITATION = 1012.2367;%%},
  title		= {Precision electroweak measurements and constraints on the
		  {Standard Model}},
  url		= {http://lepewwg.web.cern.ch/LEPEWWG},
  year		= {2010}
}

@misc{		  lepewwg,
  author	= {{The LEP Electroweak Working Group}},
  howpublished	= {\url{http://lepewwg.web.cern.ch/LEPEWWG/}},
  title		= {{LEP EWWG Home Page}}
}

@misc{		  lhcschedule,
  author	= {M. Lamont},
  title		= {{Longer term LHC schedule}},
  howpublished	= {\url{http://lhc-commissioning.web.cern.ch/lhc-commissioning/schedule/LHC-long-term.htm}}
}

@article{	  lin:2011zzg,
  author	= {Lin, Z.W.},
  doi		= {10.1007/s12648-011-0086-7},
  journal	= {Indian J.Phys.},
  pages		= {837-841},
  slaccitation	= {%%CITATION = IJPYA,85,837;%%},
  title		= {{Current status and further improvements of a multi-phase
		  transport (AMPT) model}},
  volume	= {85},
  year		= {2011}
}

@article{	  lopezhonorez:2006gr,
  author	= "Lopez Honorez, Laura and Nezri, Emmanuel and Oliver, Josep
		  F. and Tytgat, Michel H. G.",
  title		= "{The Inert Doublet Model: An Archetype for Dark Matter}",
  journal	= "JCAP",
  volume	= "0702",
  year		= "2007",
  pages		= "028",
  doi		= "10.1088/1475-7516/2007/02/028",
  eprint	= "hep-ph/0612275",
  archiveprefix	= "arXiv",
  primaryclass	= "hep-ph",
  reportnumber	= "ULB-TH-06-27",
  slaccitation	= "%%CITATION = HEP-PH/0612275;%%"
}

@article{	  lykken:2010mc,
  archiveprefix	= {arXiv},
  author	= {Lykken, Joseph D.},
  eprint	= {1005.1676},
  primaryclass	= {hep-ph},
  reportnumber	= {FERMILAB-CONF-10-103-T},
  slaccitation	= {%%CITATION = ARXIV:1005.1676;%%},
  title		= {{Beyond the Standard Model}},
  year		= {2010}
}

@article{	  mangano:2002ea,
  archiveprefix	= {arXiv},
  author	= {M. L. Mangano and M. Moretti and F. Piccinini and R.
		  Pittau and A. D. Polosa},
  eprint	= {hep-ph/0206293},
  journal	= {JHEP},
  pages		= {001},
  primaryclass	= {hep-ph},
  title		= {{ALPGEN, a generator for hard multiparton processes in
		  hadronic collisions}},
  volume	= {07},
  year		= {2003}
}

@article{	  mansour:2011gt,
  archiveprefix	= {arXiv},
  author	= {Jason D. Mansour},
  collaboration	= {D0},
  eprint	= {1110.2991},
  primaryclass	= {hep-ex},
  reportnumber	= {FERMILAB-CONF-11-552-E},
  slaccitation	= {%%CITATION = ARXIV:1110.2991;%%},
  title		= {{Search for Universal Extra Dimensions with the D0
		  Experiment}},
  year		= {2011}
}

@article{	  martin:2009bu,
  archiveprefix	= {arXiv},
  author	= {A. D. Martin and W. J. Stirling and R. S. Thorne and G.
		  Watt},
  doi		= {10.1140/epjc/s10052-009-1164-2},
  eprint	= {0905.3531},
  journal	= {Eur.Phys.J.},
  pages		= {653--680},
  primaryclass	= {hep-ph},
  reportnumber	= {IPPP-09-33, DCPT-09-66, CAVENDISH-HEP-09-06},
  slaccitation	= {%%CITATION = ARXIV:0905.3531;%%},
  title		= {{Uncertainties on alpha(S) in global PDF analyses and
		  implications for predicted hadronic cross sections}},
  volume	= {C64},
  year		= {2009}
}

@article{	  martin:2009iq,
  archiveprefix	= {arXiv},
  author	= {A. D. Martin and W. J. Stirling and R. S. Thorne and G.
		  Watt},
  doi		= {10.1140/epjc/s10052-009-1072-5},
  eprint	= {0901.0002},
  journal	= {Eur.Phys.J.},
  pages		= {189--285},
  primaryclass	= {hep-ph},
  reportnumber	= {IPPP-08-95, DCPT-08-190, CAVENDISH-HEP-08-16},
  slaccitation	= {%%CITATION = ARXIV:0901.0002;%%},
  title		= {{Parton distributions for the LHC}},
  volume	= {C63},
  year		= {2009}
}

@article{	  miller:2007ri,
  archiveprefix	= {arXiv},
  author	= {Miller, Michael L. and Reygers, Klaus and Sanders, Stephen
		  J. and Steinberg, Peter},
  doi		= {10.1146/annurev.nucl.57.090506.123020},
  eprint	= {nucl-ex/0701025},
  journal	= {Ann.Rev.Nucl.Part.Sci.},
  pages		= {205-243},
  primaryclass	= {nucl-ex},
  slaccitation	= {%%CITATION = NUCL-EX/0701025;%%},
  title		= {{Glauber modeling in high energy nuclear collisions}},
  volume	= {57},
  year		= {2007}
}

@article{	  mohr:2008fa,
  archiveprefix	= {arXiv},
  author	= {Peter J. Mohr and Barry N. Taylor and David B. Newell},
  doi		= {10.1103//RevModPhys.80.633},
  eprint	= {0801.0028},
  journal	= {Rev.Mod.Phys.},
  pages		= {633--730},
  primaryclass	= {physics.atom-ph},
  slaccitation	= {%%CITATION = ARXIV:0801.0028;%%},
  title		= {{CODATA Recommended Values of the Fundamental Physical
		  Constants: 2006}},
  volume	= {80},
  year		= {2008}
}

@misc{		  moriond2016tmp,
  howpublished	= {\url{https://indico.in2p3.fr/event/12279/session/12/contribution/167/material/slides/0.pdf}},
  title		= {Searches for Boosted Di-Bosons Resonances with the ATLAS
		  and CMS detectors},
  author	= {M. Bellomo},
  year		= {2016},
  address	= {{51st Rencontres de Moriond -- Electroweak Interactions
		  and Unified Theories}}
}

@article{	  nakamura:2010zzi,
  author	= {K Nakamura and others},
  collaboration	= {Particle Data Group},
  doi		= {10.1088/0954-3899/37/7A/075021},
  journal	= {J. Phys.},
  pages		= {075021},
  slaccitation	= {%%CITATION = JPHGB,G37,075021;%%},
  title		= {{Review of Particle Physics}},
  volume	= {G37},
  year		= {2010}
}

@article{	  nossopaper:2012tt,
  author	= {Serguei Chatrchyan and others},
  collaboration	= {CMS},
  journal	= {Phys.Lett.},
  note		= {In preparation},
  title		= {{Search for Randall-Sundrum Gravitons Decaying into a Jet
		  plus Missing $\text{E}_\text{T}$ at CMS}},
  volume	= {B},
  year		= {2012}
}

@incollection{	  nu2,
  archiveprefix	= {arXiv},
  author	= {Giunti, C. and Laveder, M.},
  booktitle	= {Developments in Quantum Physics},
  editor	= {Columbus, F. and Krasnoholovets, V.},
  eprint	= {hep-ph/0310238},
  isbn		= {1-59454-003-9},
  primaryclass	= {hep-ph},
  publisher	= {Nova Science Publishers, Inc.},
  title		= {Neutrino mixing},
  year		= {2004}
}

@misc{		  pageexovv,
  howpublished	= {\url{https://twiki.cern.ch/twiki/bin/viewauth/CMS/ExoDiBosonResonances}},
  title		= {Searches for Heavy Resonances decaying to a pair of
		  bosons}
}

@article{	  pappadopulo:2014qza,
  author	= "Pappadopulo, Duccio and Thamm, Andrea and Torre, Riccardo
		  and Wulzer, Andrea",
  title		= "{Heavy Vector Triplets: Bridging Theory and Data}",
  journal	= "JHEP",
  volume	= "09",
  year		= "2014",
  pages		= "060",
  doi		= "10.1007/JHEP09(2014)060",
  eprint	= "1402.4431",
  archiveprefix	= "arXiv",
  primaryclass	= "hep-ph",
  slaccitation	= "%%CITATION = ARXIV:1402.4431;%%"
}

@techreport{	  particleflow,
  address	= {2009. Geneva},
  collaboration	= {CMS Collaboration},
  institution	= {CERN},
  month		= {Apr},
  number	= {CMS-PAS-PFT-09-001},
  reportnumber	= {CMS-PAS-PFT-09-001},
  title		= {{Particle-Flow Event Reconstruction in CMS and Performance
		  for Jets, Taus, and MET}},
  url		= {http://cds.cern.ch/record/1194487},
  year		= {2009}
}

@article{	  pati:1974yy,
  author	= {Pati, Jogesh C. and Salam, Abdus},
  doi		= {10.1103/PhysRevD.11.703, 10.1103/PhysRevD.10.275},
  journal	= {Phys.Rev.},
  pages		= {275-289},
  reportnumber	= {IC/74/7},
  slaccitation	= {%%CITATION = PHRVA,D10,275;%%},
  title		= {{Lepton Number as the Fourth Color}},
  volume	= {D10},
  year		= {1974}
}

@article{	  patrignani:2016xqp,
  author	= "Patrignani, C. and others",
  title		= "{Review of Particle Physics}",
  collaboration	= "Particle Data Group",
  journal	= "Chin. Phys.",
  volume	= "C40",
  year		= "2016",
  number	= "10",
  pages		= "100001",
  doi		= "10.1088/1674-1137/40/10/100001",
  slaccitation	= "%%CITATION = CHPHD,C40,100001;%%"
}

@article{	  perelstein:2005ka,
  archiveprefix	= {arXiv},
  author	= {Perelstein, Maxim},
  doi		= {10.1016/j.ppnp.2006.04.001},
  eprint	= {hep-ph/0512128},
  journal	= {Prog.Part.Nucl.Phys.},
  pages		= {247-291},
  primaryclass	= {hep-ph},
  slaccitation	= {%%CITATION = HEP-PH/0512128;%%},
  title		= {{Little Higgs models and their phenomenology}},
  volume	= {58},
  year		= {2007}
}

@conference{	  rattazzi:2003ea,
  archiveprefix	= {arXiv},
  author	= {R. Rattazzi},
  booktitle	= {{Particle Physics and Cosmology: the Interface}},
  editor	= {D. Kazakov and G. Smadja},
  eprint	= {hep-ph/0607055},
  primaryclass	= {hep-ph},
  publisher	= {Springed},
  reportnumber	= {CERN-PH-TH-2006-029},
  slaccitation	= {%%CITATION = HEP-PH/0607055;%%},
  title		= {{Cargese Lectures on Extra Dimensions}},
  year		= {2005}
}

@article{	  persic:1995ru,
  author	= "Persic, Massimo and Salucci, Paolo and Stel, Fulvio",
  title		= "{The Universal rotation curve of spiral galaxies: 1. The
		  Dark matter connection}",
  journal	= "Mon. Not. Roy. Astron. Soc.",
  volume	= "281",
  year		= "1996",
  pages		= "27",
  doi		= "10.1093/mnras/281.1.27, 10.1093/mnras/278.1.27",
  eprint	= "astro-ph/9506004",
  archiveprefix	= "arXiv",
  primaryclass	= "astro-ph",
  reportnumber	= "SISSA-60-95-A",
  slaccitation	= "%%CITATION = ASTRO-PH/9506004;%%"
}

@conference{	  quevedo:2010ui,
  address	= {Cambridge, UK},
  archiveprefix	= {arXiv},
  author	= {Fernando Quevedo and Sven Krippendorf and Oliver
		  Schlotterer},
  booktitle	= {{Mathematical Tripos at the University of Cambridge}},
  eprint	= {1011.1491},
  primaryclass	= {hep-th},
  reportnumber	= {DAMTP-2010-90, MPP-2010-143},
  slaccitation	= {%%CITATION = ARXIV:1011.1491;%%},
  title		= {{Cambridge Lectures on Supersymmetry and Extra
		  Dimensions}},
  year		= {2010}
}

@article{	  physrevc.72.011902,
  author	= {Ajitanand, N. N. and Alexander, J. M. and Chung, P. and
		  Holzmann, W. G. and Issah, M. and Lacey, Roy A. and Shevel,
		  A. and Taranenko, A. and Danielewicz, P.},
  doi		= {10.1103/PhysRevC.72.011902},
  issue		= {1},
  journal	= {Phys. Rev. C},
  month		= {Jul},
  numpages	= {5},
  pages		= {011902},
  publisher	= {American Physical Society},
  title		= {Decomposition of harmonic and jet contributions to
		  particle-pair correlations at ultrarelativistic energies},
  url		= {http://link.aps.org/doi/10.1103/PhysRevC.72.011902},
  volume	= {72},
  year		= {2005}
}

@article{	  porteboeuf:2010um,
  archiveprefix	= {arXiv},
  author	= {Porteboeuf, S. and Pierog, T. and Werner, K.},
  eprint	= {1006.2967},
  primaryclass	= {hep-ph},
  slaccitation	= {%%CITATION = ARXIV:1006.2967;%%},
  title		= {{Producing Hard Processes Regarding the Complete Event:
		  The EPOS Event Generator}},
  year		= {2010}
}

@misc{		  posterichep2016,
  author	= "{T. Tomei}",
  title		= "{Trigger Algorithms for Alignment and Calibration at CMS}",
  note		= "Poster presented at ICHEP 2016, Chicago, United States",
  year		= "2016",
  howpublished	= "\url{http://indico.cern.ch/event/432527/contributions/1072443/}"
}

@misc{		  posterlp2015,
  author	= "{T. Tomei}",
  title		= "{Performance of electron, photon and muon triggers at the
		  CMS High Level Trigger}",
  note		= "Poster presented at Lepton-Photon 2015, Ljubljana,
		  Slovenia",
  year		= "2015",
  howpublished	= "\url{http://indico.cern.ch/event/325831/contributions/757706/}"
}

@article{	  ptdr2,
  author	= {{CMS Collaboration}},
  doi		= {10.1088/0954-3899/34/6/S01},
  journal	= {J. Phys. G},
  pages		= {995},
  slaccitation	= {%%CITATION = JPHGB,G34,995;%%},
  title		= {{CMS} technical design report, volume {II}: {Physics}
		  performance},
  volume	= {34},
  year		= {2007}
}

@article{	  pumplin:2002vw,
  archiveprefix	= {arXiv},
  author	= {J. Pumplin and D. R. Stump and J. Huston and H. L. Lai and
		  Pavel M. Nadolsky and others},
  eprint	= {hep-ph/0201195},
  journal	= {JHEP},
  pages		= {012},
  primaryclass	= {hep-ph},
  reportnumber	= {MSU-HEP-011101},
  slaccitation	= {%%CITATION = HEP-PH/0201195;%%},
  title		= {{New generation of parton distributions with uncertainties
		  from global QCD analysis}},
  volume	= {0207},
  year		= {2002}
}

@inproceedings{	  punzi,
  adsnote	= {Provided by the SAO/NASA Astrophysics Data System},
  adsurl	= {http://adsabs.harvard.edu/abs/2003sppp.conf...79P},
  author	= {{Punzi}, G.},
  booktitle	= {Statistical Problems in Particle Physics, Astrophysics,
		  and Cosmology},
  editor	= {{Lyons}, L. and {Mount}, R. and {Reitmeyer}, R.},
  eprint	= {physics/0308063},
  pages		= {79},
  title		= {{Sensitivity of Searches for New Signals and Its
		  Optimization}},
  year		= 2003
}

@article{	  randall:1999ee,
  archiveprefix	= {arXiv},
  author	= {Lisa Randall and Raman Sundrum},
  doi		= {10.1103/PhysRevLett.83.3370},
  eprint	= {hep-ph/9905221},
  journal	= {Phys.Rev.Lett.},
  pages		= {3370--3373},
  primaryclass	= {hep-ph},
  title		= {{Large Mass Hierarchy from a Small Extra Dimension}},
  volume	= {83},
  year		= {1999}
}

@article{	  randall:1999vf,
  archiveprefix	= {arXiv},
  author	= {Lisa Randall and Raman Sundrum},
  doi		= {10.1103/PhysRevLett.83.4690},
  eprint	= {hep-th/9906064},
  journal	= {Phys.Rev.Lett.},
  pages		= {4690--4693},
  primaryclass	= {hep-th},
  title		= {{An Alternative to Compactification}},
  volume	= {83},
  year		= {1999}
}

@article{	  read:2002hq,
  author	= "Read, Alexander L.",
  title		= "{Presentation of search results: The CL(s) technique}",
  booktitle	= "{Advanced Statistical Techniques in Particle Physics.
		  Proceedings, Conference, Durham, UK, March 18-22, 2002}",
  journal	= "J. Phys.",
  volume	= "G28",
  year		= "2002",
  pages		= "2693-2704",
  doi		= "10.1088/0954-3899/28/10/313",
  note		= "[,11(2002)]",
  slaccitation	= "%%CITATION = JPAGA,G28,2693;%%"
}

@article{	  ref:2007kpa,
  archiveprefix	= {arXiv},
  author	= {T. Aaltonen and others},
  collaboration	= {CDF},
  doi		= {10.1103/PhysRevLett.99.171801},
  eprint	= {0707.2294},
  journal	= {Phys. Rev. Lett.},
  pages		= {171801},
  primaryclass	= {hep-ex},
  title		= {{Search for a high-mass diphoton state and limits on
		  Randall-Sundrum gravitons at CDF}},
  volume	= {99},
  year		= {2007}
}

@article{	  ref:2007sb,
  archiveprefix	= {arXiv},
  author	= {T. Aaltonen and others},
  collaboration	= {CDF},
  doi		= {10.1103/PhysRevLett.99.171802},
  eprint	= {0707.2524},
  journal	= {Phys. Rev. Lett.},
  pages		= {171802},
  primaryclass	= {hep-ex},
  title		= {{Search for new physics in high mass electron-positron
		  events in $p\bar{p}$ collisions at $\sqrt{s}$ = 1.96 TeV}},
  volume	= {99},
  year		= {2007}
}

@article{	  ref:an-2011-100,
  author	= {S. Bolognesi and A. Bonato and D. Del Re and A. V. Gritsan
		  and F. Pandolfi and N. V. Tran and A. Whitbeck},
  journal	= {CMS AN 2011/100},
  title		= {{Search for a Semileptonic Decay of a SM Higgs or BSM
		  Boson $H \to ZZ \to 2l 2 j$}},
  year		= {2011}
}

@article{	  ref:atlas-conf-2011-026,
  author	= {ATLAS Collaboration},
  journal	= {ATLAS-CONF-2011-026},
  title		= {{Search for a Standard Model Higgs Boson in the Mass Range
		  200-600 GeV in the Channels $H \to ZZ \to \ell^+ \ell^- \nu
		  \bar{\nu}$ and $H \to ZZ \to \ell^+ \ell^- q \bar{q}$ with
		  the ATLAS Detector }},
  year		= {2011}
}

@unpublished{	  ref:chamonix2016,
  title		= "{LHC Performance Workshop (Chamonix 2016)}",
  author	= "Bordry, Frédérick",
  year		= "2016",
  note		= "{\texttt{https://indico.cern.ch/event/448109/}}"
}

@misc{		  ref:claringbold,
  howpublished	= {\url{https://prezi.com/unaivrhcymxw/ires-at-cern/}},
  title		= "{IRES at CERN}",
  author	= {Tangereen Claringbold}
}

@conference{	  read:451614,
  address	= {CERN, Geneva, Switzerland},
  author	= {A L Read},
  booktitle	= {{Workshop on confidence limits}},
  reportnumber	= {CERN-OPEN-2000-205},
  title		= {Modified frequentist analysis of search results (the
		  ${CL}_{s}$ method)},
  year		= {2000}
}

@conference{	  moneta:2010pm,
  address	= {Jaipur, India},
  archiveprefix	= {arXiv},
  author	= {Lorenzo Moneta and Kevin Belasco and Kyle S. Cranmer and
		  S. Kreiss and Alfio Lazzaro and others},
  booktitle	= {International Workshop on Advanced Computing and Analysis
		  Techniques in Physics Research},
  eprint	= {1009.1003},
  journal	= {PoS},
  primaryclass	= {physics.data-an},
  slaccitation	= {%%CITATION = ARXIV:1009.1003;%%},
  title		= {{The RooStats Project}},
  year		= {2010}
}

@article{	  ref:cms-note-2002-043,
  author	= {Giacomo Bruno and Peter Timothy Cox and Stefano Lacaprara
		  and Norbert Neumeister and Bart {Van de Vyver} and others},
  journal	= {CERN-CMS-NOTE-2002-043},
  reportnumber	= {CMS-NOTE-2002-043, CERN-CMS-NOTE-2002-043},
  slaccitation	= {%%CITATION = CMS-NOTE-2002-043 ETC.;%%},
  title		= {{Local Reconstruction in the Muon Detectors}},
  year		= {2002}
}

@article{	  ref:cms-note-2005-001,
  author	= {Wolfgang Adam and R. Fr{\"u}hwirth and Are Strandlie and
		  T. Todor},
  journal	= {CERN-CMS-NOTE-2005-001},
  reportnumber	= {CMS-NOTE-2005-001, CERN-CMS-NOTE-2005-001},
  slaccitation	= {%%CITATION = CMS-NOTE-2005-001 ETC.;%%},
  title		= {{Reconstruction of Electrons with the Gaussian-Sum Filter
		  in the CMS Tracker at the LHC}},
  year		= {2005}
}

@article{	  ref:cmscomputingmodel,
  author	= {Claudio Grandi and David Stickland and Lucas Taylor and
		  Achille Petrilli and Alain Herv{\'e}},
  journal	= {CERN-CMS-NOTE-2004-031},
  reportnumber	= {CERN-LHCC-2004-035, CERN-CMS-NOTE-2004-031,
		  CMS-NOTE-2004-031, LHCC-G-083},
  slaccitation	= {%%CITATION = CERN-LHCC-2004-035 ETC.;%%},
  title		= {{CMS Computing Model}},
  year		= {2004}
}

@article{	  ref:cmshiggsreviewworkshop,
  author	= {{CMS Collaboration}},
  journal	= {https://indico.cern.ch/conferenceDisplay.py?confId=114679},
  title		= {{Higgs Analyses Readiness Review Workshop, December
		  2010}},
  year		= {2010}
}

@misc{		  ref:cmslumiplot,
  author	= {{CMS Collaboration}},
  howpublished	= {\url{https://twiki.cern.ch/twiki/bin/view/CMSPublic/LumiPublicResults}},
  title		= {{CMS Luminosity - Public Results}},
  year		= {2016}
}

@misc{		  ref:cmsswgithub,
  author	= {{CMS Collaboration}},
  howpublished	= {\url{http://cms-sw.github.io}},
  title		= {{CMSSW on Github}}
}

@misc{		  ref:ecalclustering,
  author	= {{CMS Collaboration}},
  howpublished	= {\url{https://twiki.cern.ch/twiki/bin/view/CMSPublic/SWGuideEcalRecoClustering}},
  keywords	= {CMS, ECAL, Reconstruction, Clustering},
  title		= {{SWGuideEcalRecoClustering}}
}

@article{	  ref:exo-2010-019,
  author	= {{CMS Collaboration}},
  journal	= {CMS Physics Analysis Summary},
  title		= {{Search for Randall-Sundrum Gravitons Decaying into Two
		  Photons in 7 TeV p-p Collisions with the CMS Detector}},
  volume	= {EXO-10-019},
  year		= {2010}
}

@article{	  ref:exo-2011-019,
  author	= {{CMS Collaboration}},
  journal	= {CMS Physics Analysis Summary},
  title		= {{Search for Resonances in the Dilepton Mass Distribution
		  in pp Collisions at $sqrt(s)$ = 7 TeV}},
  volume	= {EXO-11-019},
  year		= {2011}
}

@misc{		  ref:hcalclustering,
  author	= {{CMS Collaboration}},
  howpublished	= {\url{https://twiki.cern.ch/twiki/bin/view/CMSPublic/SWGuideHcalRecHits}},
  keywords	= {CMS, HCAL, Reconstruction, Clustering},
  lastchecked	= {29/03/2012},
  title		= {{SWGuideHcalRecHits}}
}

@article{	  ref:hcalnoise,
  author	= {J. P. Chou and S. Eno and S. Kunori and S. Sharma and J.
		  Wang},
  journal	= {CMS Internal Note},
  title		= {{Anomalous HB/HE noise at startup: characteristics and
		  rejection algorithm}},
  volume	= {IN-2010/006},
  year		= {2010}
}

@article{	  ref:hig-08-003,
  author	= {{CMS Collaboration}},
  journal	= {CMS Physics Analysis Summary},
  title		= {{Search strategy for the Higgs boson in the ZZ$^{*}$ decay
		  channel with the CMS experiment}},
  volume	= {HIG-08-003},
  year		= {2009}
}

@article{	  ref:jetdatadrivencorrections,
  author	= {R. M. Harris and others},
  journal	= {CMS AN},
  title		= {{Jet Energy Correction Using Z $\to e^+e^-$ + Jet $\pt$
		  Balance and the Method for Combining Data Driven
		  Corrections}},
  volume	= {AN-2009/004},
  year		= {2009}
}

@article{	  ref:jetid1,
  author	= {A. Harel and P. Schieferdecker},
  journal	= {CMS AN},
  title		= {{Calorimeter jet quality criteria for the first CMS
		  collision data, and preparations for calibrating their
		  efficiencies}},
  volume	= {AN-2009/087},
  year		= {2009}
}

@article{	  ref:jetid2,
  author	= {A. Harel},
  journal	= {CMS AN},
  title		= {{Forward jet quality criteria}},
  volume	= {AN-2010/067},
  year		= {2010}
}

@article{	  ref:jetid3,
  author	= {N. Saoulidou},
  journal	= {CMS AN},
  title		= {{Particle Flow Jet Identification Criteria}},
  volume	= {AN-2010/003},
  year		= {2010}
}

@article{	  ref:jetl2l3corrections,
  author	= {R. M. Harris and K. Kousoris},
  journal	= {CMS AN},
  title		= {{MC truth L2 and L3 factorized jet corrections at CMS}},
  volume	= {AN-2008/003},
  year		= {2008}
}

@article{	  ref:jetmet,
  author	= {{CMS Collaboration}},
  journal	= {CMS EXO-AN-11-0XX},
  title		= {{Search for Randall-Sundrum Gravitons Decaying into a Jet
		  plus Missing $\text{E}_\text{T}$ at CMS}},
  year		= {2011}
}

@article{	  ref:jetresidualcorrections,
  author	= {H. Kirschenmann and P. Schleper and M. Schroder and H.
		  Stadie},
  journal	= {CMS AN},
  title		= {{Determination of residual jet-energy corrections using
		  the dijet-balance method}},
  volume	= {AN-2011/352},
  year		= {2011}
}

@misc{		  ref:lhclumiplot,
  author	= {{LHC Programme Coordination}},
  howpublished	= {\url{http://lpc.web.cern.ch/lpc/lumiplots.htm}},
  title		= {{LHC Luminosity Plots for the 2011 Proton Run}},
  year		= {2011}
}

@misc{		  ref:localmuonreconstruction,
  author	= {{CMS Collaboration}},
  howpublished	= {\url{https://twiki.cern.ch/twiki/bin/view/CMSPublic/SWGuideMuonLocalReco}},
  keywords	= {CMS, HCAL, Reconstruction, Clustering},
  lastchecked	= {29/03/2012},
  title		= {{SWGuideMuonLocalReco}}
}

@article{	  ref:lumiuncertainty,
  collaboration	= {CMS},
  key		= {925179},
  reportnumber	= {CMS-PAS-EWK-11-001},
  slaccitation	= {%%CITATION = CMS-PAS-EWK-11-001 ETC.;%%},
  title		= {{Absolute Calibration of Luminosity Measurement at CMS:
		  Summer 2011 Update}},
  year		= {2011}
}

@misc{		  ref:masterclass,
  howpublished	= {\url{http://www.physicsmasterclasses.org/}},
  title		= {International Masterclasses -- Hands on Particle Physics}
}

@misc{		  ref:startswithabang,
  howpublished	= {\url{https://www.forbes.com/sites/startswithabang/}},
  title		= {Starts With A Bang -- The Universe is out there, waiting for you to discover it}
}

@unpublished{	  ref:mastercodesite,
  title		= "{The MasterCode Project}",
  author	= "Bagnaschi, Emanuele and others",
  year		= "2016",
  note		= "{\texttt{http://mastercode.web.cern.ch}}"
}

@article{	  ref:metperformance,
  author	= {C. Autermann and J. Damgov and U. Gebbert and S.-W. Lee
		  and P. Schleper and D. Wang},
  journal	= {CMS AN-2010/131},
  title		= {{Type-I and Type-II CaloMET performances in 7 TeV data}},
  year		= {2010}
}

@article{	  ref:othermonojetan,
  author	= {{L. Benucci and others}},
  journal	= {CMS AN},
  title		= {{Search for New Physics with Monojet Final States in pp
		  collisions at $\sqrt{s}$ = 7~TeV: 1~fb$^{-1}$ Update}},
  volume	= {AN-2011/024},
  year		= {2011}
}

@article{	  ref:particleflow1,
  author	= {{CMS Collaboration}},
  journal	= {CMS Physics Analysis Summary},
  title		= {{Particle-Flow Event Reconstruction in CMS and Performance
		  for Jets, Taus, and MET}},
  volume	= {PFT-09-001},
  year		= {2009}
}

@article{	  ref:particleflow2,
  author	= {{CMS Collaboration}},
  journal	= {CMS Physics Analysis Summary},
  title		= {{Commissioning of the Particle-flow Event Reconstruction
		  with the first LHC collisions recorded in the CMS
		  detector}},
  volume	= {PFT-10-001},
  year		= {2010}
}

@article{	  ref:particleflow3,
  author	= {{CMS Collaboration}},
  journal	= {CMS Physics Analysis Summary},
  title		= {{Commissioning of the Particle-Flow Reconstruction in
		  Minimum-Bias and Jet Events from $pp$ Collisions at
		  $\sqrt{s}= 7$ TeV}},
  volume	= {PFT-10-002},
  year		= {2010}
}

@article{	  ref:pat,
  author	= {{CMS Collaboration}},
  journal	= {https://twiki.cern.ch/twiki/bin/view/CMS/SWGuidePAT},
  title		= {{Physics Analysis Toolkit (PAT)}},
  year		= {2011}
}

@article{	  ref:primaryvertex,
  author	= {{CMS Collaboration}},
  journal	= {CMS Physics Analysis Summary},
  title		= {{Tracking and Primary Vertex Results in First 7 TeV
		  Collisions}},
  volume	= {TRK-10-005},
  year		= {2010}
}

@article{	  ref:pythiav6official,
  author	= {T. Sjostrand and P. Ed{\'e}nb and C. Friberga and L.
		  L{\"o}nnblada and G. Miua and S. Mrennac and Emanuel
		  Norrbin.},
  journal	= {Comput. Phys. Commun.},
  pages		= {238},
  title		= {{High-energy-physics event generation with PYTHIA 6.1}},
  volume	= {135},
  year		= {2001}
}

@misc{		  ref:roottoolgreg,
  author	= {{CMS Collaboration}},
  howpublished	= {\url{https://twiki.cern.ch/twiki/bin/view/CMS/RooStatsCl95}},
  title		= {{RooStatsCl95: cross section in a counting experiment}}
}

@article{	  ref:shrinkingcone,
  author	= {{CMS Collaboration}},
  journal	= {CMS Physics Analysis Summary},
  title		= {{Particle-Flow Event Reconstruction in CMS and Performance
		  for Jets, Taus, and MET}},
  volume	= {PFT-09-001},
  year		= {2009}
}

@misc{		  ref:sprace,
  howpublished	= {\url{http://www.sprace.org.br}},
  title		= {S{\~a}o Paulo Research and Analysis Center}
}

@misc{		  ref:standalonemuons,
  author	= {{CMS Collaboration}},
  howpublished	= {\url{https://twiki.cern.ch/twiki/bin/view/CMSPublic/SWGuideStandAloneMuonReco}},
  keywords	= {CMS, HCAL, Reconstruction, Clustering},
  lastchecked	= {29/03/2012},
  title		= {{SWGuideStandAloneMuonReco}}
}

@misc{		  ref:thetaframework,
  howpublished	= {\url{http://www.theta-framework.org/}},
  title		= {The theta framework for template-based statistical
		  modeling and inference},
  author	= {M{\"u}ller, Thomas and Ott, Jochen and Wagner-Kuhr,
		  Jeannine}
}

@misc{		  ref:trackermuons,
  author	= {{CMS Collaboration}},
  howpublished	= {\url{https://twiki.cern.ch/twiki/bin/view/CMSPublic/SWGuideTrackerMuons}},
  keywords	= {CMS, HCAL, Reconstruction, Clustering},
  lastchecked	= {29/03/2012},
  title		= {{SWGuideTrackerMuons}}
}

@misc{		  ref:trackreconstruction,
  author	= {{CMS Collaboration}},
  howpublished	= {\url{https://twiki.cern.ch/twiki/bin/view/CMSPublic/SWGuideTrackReco}},
  keywords	= {CMS, Reconstruction, Track},
  lastchecked	= {29/03/2012},
  title		= {{SWGuideTrackReco}}
}

@misc{		  ref:wlcg,
  howpublished	= {\url{http://lcg.web.cern.ch/lcg/}},
  title		= {{Worldwide LHC Computing Grid}}
}

@article{	  refregier:2003ct,
  author	= "Refregier, Alexandre",
  title		= "{Weak gravitational lensing by large scale structure}",
  journal	= "Ann. Rev. Astron. Astrophys.",
  volume	= "41",
  year		= "2003",
  pages		= "645-668",
  doi		= "10.1146/annurev.astro.41.111302.102207",
  eprint	= "astro-ph/0307212",
  archiveprefix	= "arXiv",
  primaryclass	= "astro-ph",
  slaccitation	= "%%CITATION = ASTRO-PH/0307212;%%"
}

@book{		  resnick:1968tr,
  author	= {R. Resnick},
  publisher	= {John Wiley \& Sons},
  title		= {{Introduction to Special Relativity}},
  year		= {1968}
}

@inproceedings{	  roostats,
  author	= {Moneta, L. and Belasco, K. and Cranmer, K. S. and Lazzaro,
		  A. and Piparo, D. and Schott, G. and Verkerke, W. and Wolf,
		  M.},
  booktitle	= {13$^\text{th}$ International Workshop on Advanced
		  Computing and Analysis Techniques in Physics Research
		  (ACAT2010)},
  eprint	= {1009.1003},
  note		= {{PoS(ACAT2010)057}},
  primaryclass	= {physics.data-an},
  publisher	= {SISSA},
  title		= {The {R}oo{S}tats {P}roject},
  url		= {http://pos.sissa.it/archive/conferences/093/057/ACAT2010_057.pdf},
  year		= {2010}
}

@article{	  rubakov:1983bb,
  author	= {V. A. Rubakov and M. E. Shaposhnikov},
  doi		= {10.1016/0370-2693(83)91253-4},
  journal	= {Phys.Lett.},
  pages		= {136--138},
  slaccitation	= {%%CITATION = PHLTA,B125,136;%%},
  title		= {{Do We Live Inside a Domain Wall?}},
  volume	= {B125},
  year		= {1983}
}

@article{	  salam:2007xv,
  archiveprefix	= {arXiv},
  author	= {Gavin P. Salam and Gregory Soyez},
  doi		= {10.1088/1126-6708/2007/05/086},
  eprint	= {0704.0292},
  journal	= {JHEP},
  pages		= {086},
  primaryclass	= {hep-ph},
  slaccitation	= {%%CITATION = ARXIV:0704.0292;%%},
  title		= {{A Practical Seedless Infrared-Safe Cone jet algorithm}},
  volume	= {0705},
  year		= {2007}
}

@article{	  sanders:2003ye,
  archiveprefix	= {arXiv},
  author	= {M. Sanders},
  collaboration	= {CDF and D0},
  doi		= {10.1140/epjcd/s2003-03-820-x},
  eprint	= {hep-ex/0310033},
  journal	= {Eur. Phys. J.},
  pages		= {s770--s772},
  title		= {{Search for Extra Dimensions at Hadron Colliders}},
  volume	= {C33},
  year		= {2004}
}

@article{	  schmaltz:2005ky,
  archiveprefix	= {arXiv},
  author	= {Schmaltz, Martin and Tucker-Smith, David},
  doi		= {10.1146/annurev.nucl.55.090704.151502},
  eprint	= {hep-ph/0502182},
  journal	= {Ann.Rev.Nucl.Part.Sci.},
  pages		= {229-270},
  primaryclass	= {hep-ph},
  slaccitation	= {%%CITATION = HEP-PH/0502182;%%},
  title		= {{Little Higgs review}},
  volume	= {55},
  year		= {2005}
}

@article{	  scikit-learn,
  title		= {Scikit-learn: Machine Learning in {P}ython},
  author	= {Pedregosa, F. and Varoquaux, G. and Gramfort, A. and
		  Michel, V. and Thirion, B. and Grisel, O. and Blondel, M.
		  and Prettenhofer, P. and Weiss, R. and Dubourg, V. and
		  Vanderplas, J. and Passos, A. and Cournapeau, D. and
		  Brucher, M. and Perrot, M. and Duchesnay, E.},
  journal	= {Journal of Machine Learning Research},
  volume	= {12},
  pages		= {2825--2830},
  year		= {2011}
}

@article{	  shifman:2009df,
  archiveprefix	= {arXiv},
  author	= {M. Shifman},
  doi		= {10.1142/S0217751X10048548},
  eprint	= {0907.3074},
  journal	= {Int.J.Mod.Phys.},
  pages		= {199--225},
  primaryclass	= {hep-ph},
  slaccitation	= {%%CITATION = ARXIV:0907.3074;%%},
  title		= {{LARGE EXTRA DIMENSIONS: Becoming acquainted with an
		  alternative paradigm}},
  volume	= {A25},
  year		= {2010}
}

@article{	  sirunyan:2017ewk,
  author	= "Sirunyan, Albert M and others",
  title		= "{Search for new physics in the monophoton final state in
		  proton-proton collisions at $ \sqrt{s}=13 $ TeV}",
  collaboration	= "CMS",
  journal	= "JHEP",
  volume	= "10",
  year		= "2017",
  pages		= "073",
  doi		= "10.1007/JHEP10(2017)073",
  eprint	= "1706.03794",
  archiveprefix	= "arXiv",
  primaryclass	= "hep-ex",
  reportnumber	= "CMS-EXO-16-039, CERN-EP-2017-097",
  slaccitation	= "%%CITATION = ARXIV:1706.03794;%%"
}

@article{	  sirunyan:2017hci,
  author	= "Sirunyan, Albert M and others",
  title		= "{Search for dark matter produced with an energetic jet or
		  a hadronically decaying W or Z boson at $ \sqrt{s}=13 $
		  TeV}",
  collaboration	= "CMS",
  journal	= "JHEP",
  volume	= "07",
  year		= "2017",
  pages		= "014",
  doi		= "10.1007/JHEP07(2017)014",
  eprint	= "1703.01651",
  archiveprefix	= "arXiv",
  primaryclass	= "hep-ex",
  reportnumber	= "CMS-EXO-16-037, CERN-EP-2017-031",
  slaccitation	= "%%CITATION = ARXIV:1703.01651;%%"
}

@article{	  sirunyan:2017onm,
  author	= "Sirunyan, Albert M and others",
  title		= "{Search for dark matter and unparticles in events with a Z
		  boson and missing transverse momentum in proton-proton
		  collisions at $ \sqrt{s}=13 $ TeV}",
  collaboration	= "CMS",
  journal	= "JHEP",
  volume	= "03",
  year		= "2017",
  pages		= "061",
  doi		= "10.1007/JHEP09(2017)106, 10.1007/JHEP03(2017)061",
  note		= "[Erratum: JHEP09,106(2017)]",
  eprint	= "1701.02042",
  archiveprefix	= "arXiv",
  primaryclass	= "hep-ex",
  reportnumber	= "CMS-EXO-16-010, CERN-EP-2016-309",
  slaccitation	= "%%CITATION = ARXIV:1701.02042;%%"
}

@article{	  sjostrand:2006za,
  archiveprefix	= {arXiv},
  author	= {Sj{\"o}strand, Torbj{\"o}rn and Mrenna, Stephen and
		  Skands, Peter},
  doi		= {10.1088/1126-6708/2006/05/026},
  eprint	= {hep-ph/0603175},
  journal	= {JHEP},
  pages		= {026},
  primaryclass	= {hep-ph},
  reportnumber	= {FERMILAB-PUB-06-052-CD-T, LU-TP-06-13},
  slaccitation	= {%%CITATION = HEP-PH/0603175;%%},
  title		= {{PYTHIA} 6.4 physics and manual},
  volume	= {05},
  year		= {2006}
}

@article{	  sjostrand:2014zea,
  author	= "Sjöstrand, Torbjörn and Ask, Stefan and Christiansen,
		  Jesper R. and Corke, Richard and Desai, Nishita and Ilten,
		  Philip and Mrenna, Stephen and Prestel, Stefan and
		  Rasmussen, Christine O. and Skands, Peter Z.",
  title		= "{An Introduction to PYTHIA 8.2}",
  journal	= "Comput. Phys. Commun.",
  volume	= "191",
  year		= "2015",
  pages		= "159-177",
  doi		= "10.1016/j.cpc.2015.01.024",
  eprint	= "1410.3012",
  archiveprefix	= "arXiv",
  primaryclass	= "hep-ph",
  reportnumber	= "LU-TP-14-36, MCNET-14-22, CERN-PH-TH-2014-190,
		  FERMILAB-PUB-14-316-CD, DESY-14-178, SLAC-PUB-16122",
  slaccitation	= "%%CITATION = ARXIV:1410.3012;%%"
}

@misc{		  southampton,
  note		= {\url{http://www.fapesp.br/en/8462}},
  title		= {FAPESP and University of Southampton announce result of
		  call for proposals}
}

@article{	  sphicas:2002gg,
  author	= {Sphicas, P., (ed.)},
  collaboration	= {CMS},
  journal	= {CERN-LHCC-2002-026},
  reportnumber	= {CERN-LHCC-2002-026},
  slaccitation	= {%%CITATION = CERN-LHCC-2002-026 ETC.;%%},
  title		= {{CMS: The TriDAS project. Technical design report, Vol. 2:
		  Data acquisition and high-level trigger}},
  year		= {2002}
}

@misc{		  symmetrymag,
  title		= "{Something goes bump in the data}",
  author	= "K. E. Jones and S. Charley",
  howpublished	= {\url{http://www.symmetrymagazine.org/article/july-2015/something-goes-bump-in-the-data}}
}

@misc{		  talkJoseENFPC2017,
  author	= "{R. M. Cobe, S. F. Novaes, J. C. Ruiz Vargas, T. R. Tomei}",
  title		= "{Boosted jet identification using Machine Learning techniques}",
  note		= "Poster presented at ENFPC 2017, Passa Quatro, MG, Brazil",
  year		= "2017",
  howpublished	= "\url{https://sec.sbfisica.org.br/eventos/enfpc/xxxviii/sys/resumos/R0181-1.pdf}"
}

@misc{		  posterJoseICHEP2016,
  author	= "{J. C. Ruiz Vargas}",
  title		= "{Search for new resonances in the merged jet + dilepton final state in CMS}",
  note		= "Poster presented at ICHEP 2016, Chicago, United States",
  year		= "2016",
  howpublished	= "\url{https://indico.cern.ch/event/432527/contributions/1072210/}"
}

@misc{		  talkenfpc2017,
  author	= "{T. R. F. P. Tomei}",
  title		= "{Searches for a Diboson Resonance with the CMS Experiment}",
  note		= "Talk presented at ENFPC 2017, Passa Quatro, MG, Brazil",
  year		= "2017",
  howpublished	= "\url{https://sec.sbfisica.org.br/eventos/enfpc/xxxviii/sys/resumos/R0128-1.pdf}"
}

@misc{		  talklhcp2017,
  author	= "{T. Tomei Fernandez}",
  title		= "{Evolution of online algorithms in ATLAS and CMS in Run 2}",
  note		= "Talk presented at LHCP 2017, Shanghai, China",
  year		= "2017",
  howpublished	= "\url{https://indico.cern.ch/event/517784/contributions/2496897/}"
}

@misc{		  talkppc2016,
  author	= "{T. Tomei}",
  title		= "{Search for Dark Matter at CMS}",
  note		= "Talk presented at PPC2016, ICTP-SAIFR, São Paulo, Brazil",
  year		= "2016",
  howpublished	= "\url{http://200.145.112.249/webcast/files/ThiagoTomei_PPC_2016-07-15.pdf}"
}

@misc{		  tematico2013,
  howpublished	= {\url{http://revistapesquisa.fapesp.br/en/2014/04/02/recent-thematic-young-investigator-projects-4/}},
  note		= {Grant number: 2013/01907-0},
  title		= {FAPESP Thematic Project: S{\~a}o Paulo Research and
		  Analysis Center}
}

@article{	  temporary:2011zq,
  archiveprefix	= {arXiv},
  author	= {CDF Collaboration},
  collaboration	= {CDF},
  eprint	= {1102.4566},
  journal	= {Temporary},
  note		= {* Temporary entry *},
  primaryclass	= {hep-ex},
  title		= {{Search for New Heavy Particles Decaying to $Z Z \to
		  \ell\ell\ell\ell, \ell\ell jj$ in $p\bar{p}$ Collisions at
		  $\sqrt{s} = 1.96$ TeV}},
  year		= {2011}
}

@misc{chollet2015keras,
  title={Keras},
  author={Chollet, Fran\c{c}ois and others},
  year={2015},
  howpublished={\url{https://keras.io}},
}

@Misc{numpy,
  author =    {Travis Oliphant},
  title =     {{NumPy}: A guide to {NumPy}},
  year =      {2006--},
  howpublished = {USA: Trelgol Publishing},
 }
 
@misc{pivarski2017uproot,
  title={uproot},
  author={Pivarski, Jim and others},
  year={2017},
  howpublished={\url{https://github.com/scikit-hep/uproot}},
}

https://github.com/scikit-hep/uproot
@misc{ATLAS:2010bfa,
      title          = "{The simulation principle and performance of the ATLAS fast calorimeter simulation FastCaloSim}",
      collaboration  = "ATLAS",
      year           = "2010",
      reportNumber   = "ATL-PHYS-PUB-2010-013, ATL-COM-PHYS-2010-838",
      howpublished={\url{https://cds.cern.ch/record/1300517}},
	Bdsk-Url-1 = {https://cds.cern.ch/record/1300517}
	}

@article{Abdullin:2011zz,
	Author = {Abdullin, S. and Azzi, P. and Beaudette, F. and Janot, P. and Perrotta, A.},
	Booktitle = {{Proceedings, 18th International Conference on Computing in High Energy and Nuclear Physics (CHEP 2010): Taipei, Taiwan, October 18-22, 2010}},
	Collaboration = {CMS},
	Doi = {10.1088/1742-6596/331/3/032049},
	Journal = {J. Phys. Conf. Ser.},
	Pages = {032049},
	Reportnumber = {FERMILAB-PUB-11-814-CMS},
	Slaccitation = {%%CITATION = 00462,331,032049;%%},
	Title = {{The fast simulation of the CMS detector at LHC}},
	Volume = {331},
	Year = {2011},
	Bdsk-Url-1 = {https://doi.org/10.1088/1742-6596/331/3/032049}}

@misc{Apollinari:2015bam,
	Author = {Apollinari, G and B{\'e}jar Alonso, I and Br{\"u}ning, O and Lamont, M and Rossi, L},
	Doi = {10.5170/CERN-2015-005},
	Reportnumber = {CERN-2015-005, FERMILAB-DESIGN-2015-02},
	Slaccitation = {%%CITATION = CERN-2015-005;%%},
	Title = {{High-Luminosity Large Hadron Collider (HL-LHC) : Preliminary Design Report}},
	Year = {2015},
	institution = "CERN",
	Bdsk-Url-1 = {https://doi.org/10.5170/CERN-2015-005}}

@misc{CMSCollaboration:2015zni,
	Address = {Geneva},
	Author = {{CMS Collaboration}},
	Institution = {CERN},
	Number = {CERN-LHCC-2015-010. LHCC-P-008. CMS-TDR-15-02},
	Reportnumber = {CERN-LHCC-2015-010},
	Title = {{Technical Proposal for the Phase-II Upgrade of the CMS Detector}},
	howpublished = {\url{https://cds.cern.ch/record/2020886}},
	Year = {2015}}

@misc{CMSCollaboration:2283193,
	Address = {Geneva},
	Author = {{CMS Collaboration}},
	Institution = {CERN},
	Number = {CERN-LHCC-2017-014. CMS-TDR-018},
	Reportnumber = {CERN-LHCC-2017-014},
	Title = {{The Phase-2 Upgrade of the CMS DAQ Interim Technical Design Report}},
	howpublished = {\url{https://cds.cern.ch/record/2283193}},
	Year = {2017},
}

@article{Khachatryan:2015hwa,
      author         = "Khachatryan, Vardan and others",
      title          = "{Performance of Electron Reconstruction and Selection
                        with the CMS Detector in Proton-Proton Collisions at
                     	$\sqrt{s}$ = 8  TeV}",
      collaboration  = "CMS",
      journal        = "JINST",
      volume         = "10",
      year           = "2015",
      number         = "06",
      pages          = "P06005",
      doi            = "10.1088/1748-0221/10/06/P06005",
      eprint         = "1502.02701",
      archivePrefix  = "arXiv",
      primaryClass   = "physics.ins-det",
      reportNumber   = "CMS-EGM-13-001, CERN-PH-EP-2015-004",
      SLACcitation   = "%%CITATION = ARXIV:1502.02701;%%"
}

@article{Sirunyan:2017ezt,
      author         = "Sirunyan, A. M. and others",
      title          = "{Identification of heavy-flavour jets with the CMS
                        detector in pp collisions at 13 TeV}",
      collaboration  = "CMS",
      journal        = "JINST",
      volume         = "13",
      year           = "2018",
      number         = "05",
      pages          = "P05011",
      doi            = "10.1088/1748-0221/13/05/P05011",
      eprint         = "1712.07158",
      archivePrefix  = "arXiv",
      primaryClass   = "physics.ins-det",
      reportNumber   = "CMS-BTV-16-002, CERN-EP-2017-326",
      SLACcitation   = "%%CITATION = ARXIV:1712.07158;%%"
}
@unpublished{Alves:2298968,
	Author = {{A. A. Alves et al.}},
	Date-Modified = {2018-08-20 17:13:11 +0000},
	Institution = {HEP Software Foundation},
	Month = {Dec},
	Note = {HSF-CWP-2017-001},
	Reportnumber = {HSF-CWP-2017-001},
	Title = {{A Roadmap for HEP Software and Computing R\&D for the 2020s.}},
	Url = {https://cds.cern.ch/record/2298968},
	Year = {2017},
	Bdsk-Url-1 = {https://cds.cern.ch/record/2298968}}

@article{Radovic2018,
author = {Radovic, Alexander and Williams, Mike and Rousseau, David and Kagan, Michael and Bonacorsi, Daniele and Himmel, Alexander and Aurisano, Adam and Terao, Kazuhiro and Wongjirad, Taritree},
doi = {10.1038/s41586-018-0361-2},
issn = {1476-4687},
journal = {Nature},
number = {7716},
pages = {41--48},
title = {{Machine learning at the energy and intensity frontiers of particle physics}},
url = {https://doi.org/10.1038/s41586-018-0361-2},
volume = {560},
year = {2018}
}
		
@misc{		  tensorflow2015-whitepaper,
  title		= { {TensorFlow}: Large-Scale Machine Learning on
		  Heterogeneous Systems},
  howpublished	= {\url{https://www.tensorflow.org}},
  author	= { Mart\'{\i}n~Abadi and Ashish~Agarwal and Paul~Barham and
		  Eugene~Brevdo and Zhifeng~Chen and Craig~Citro and
		  Greg~S.~Corrado and Andy~Davis and Jeffrey~Dean and
		  Matthieu~Devin and Sanjay~Ghemawat and Ian~Goodfellow and
		  Andrew~Harp and Geoffrey~Irving and Michael~Isard and
		  Yangqing Jia and Rafal~Jozefowicz and Lukasz~Kaiser and
		  Manjunath~Kudlur and Josh~Levenberg and Dan~Man\'{e} and
		  Rajat~Monga and Sherry~Moore and Derek~Murray and
		  Chris~Olah and Mike~Schuster and Jonathon~Shlens and
		  Benoit~Steiner and Ilya~Sutskever and Kunal~Talwar and
		  Paul~Tucker and Vincent~Vanhoucke and Vijay~Vasudevan and
		  Fernanda~Vi\'{e}gas and Oriol~Vinyals and Pete~Warden and
		  Martin~Wattenberg and Martin~Wicke and Yuan~Yu and
		  Xiaoqiang~Zheng},
  year		= {2015}
}

@article{Belyaev:2018ext,
      author         = "Belyaev, A. and Fernandez Perez Tomei, T. R. and
                        Mercadante, P. G. and Moon, C. S. and Moretti, S. and
                        Novaes, S. F. and Panizzi, L. and Rojas, F. and Thomas,
                        M.",
      title          = "{Advancing LHC probes of dark matter from the inert
                        two-Higgs-doublet model with the monojet signal}",
      journal        = "Phys. Rev.",
      volume         = "D99",
      year           = "2019",
      number         = "1",
      pages          = "015011",
      doi            = "10.1103/PhysRevD.99.015011",
      eprint         = "1809.00933",
      archivePrefix  = "arXiv",
      primaryClass   = "hep-ph",
      SLACcitation   = "%%CITATION = ARXIV:1809.00933;%%"
}

@article{kingma2013:xxx,
	Archiveprefix = {arXiv},
	Author = {Diederik P Kingma and Max Welling},
	Eprint = {1312.6114},
	Title = {Auto-Encoding Variational Bayes},
	Year = {2013}}

 D.P.KingmaandM.Welling.Auto-encodingvariationalbayes.arXivpreprintarXiv:1312.6114, 2013.

@article{radforddcgan15,
	Archiveprefix = {arXiv},
	Author = {Alec Radford and Luke Metz and Soumith Chintala},
	Eprint = {1511.06434},
	Journal = {CoRR},
	Timestamp = {Wed, 07 Jun 2017 14:40:30 +0200},
	Title = {Unsupervised Representation Learning with Deep Convolutional Generative Adversarial Networks},
	Volume = {abs/1511.06434},
	Year = {2015},
	Bdsk-Url-1 = {http://arxiv.org/abs/1511.06434}}
	
@incollection{NIPS2014_5423,
	Author = {Goodfellow, Ian and others},
	Booktitle = {Advances in Neural Information Processing Systems 27},
	Editor = {Z. Ghahramani and M. Welling and C. Cortes and N. D. Lawrence and K. Q. Weinberger},
	Pages = {2672--2680},
	Publisher = {Curran Associates, Inc.},
	Title = {{Generative Adversarial Nets}},
	Url = {http://papers.nips.cc/paper/5423-generative-adversarial-nets.pdf},
	Year = {2014},
	Bdsk-Url-1 = {http://papers.nips.cc/paper/5423-generative-adversarial-nets.pdf}}
	
@article{	  thaler:2010tr,
  archiveprefix	= {arXiv},
  author	= {Thaler, Jesse and Van Tilburg, Ken},
  doi		= {10.1007/JHEP03(2011)015},
  eprint	= {1011.2268},
  journal	= {JHEP},
  pages		= {015},
  primaryclass	= {hep-ph},
  reportnumber	= {MIT-CTP-4191},
  slaccitation	= {%%CITATION = ARXIV:1011.2268;%%},
  title		= {{Identifying Boosted Objects with N-subjettiness}},
  volume	= {1103},
  year		= {2011}
}

@article{	  thaler:2011gf,
  archiveprefix	= {arXiv},
  author	= {Thaler, Jesse and Van Tilburg, Ken},
  doi		= {10.1007/JHEP02(2012)093},
  eprint	= {1108.2701},
  journal	= {JHEP},
  pages		= {093},
  primaryclass	= {hep-ph},
  reportnumber	= {MIT-CTP-4287},
  slaccitation	= {%%CITATION = ARXIV:1108.2701;%%},
  title		= {{Maximizing Boosted Top Identification by Minimizing
		  N-subjettiness}},
  volume	= {1202},
  year		= {2012}
}

@misc{		  theguardian,
  title		= "{Something to watch for in the new data from the Large
		  Hadron Collider}",
  author	= "J. Butterworth",
  howpublished	= {\url{https://www.theguardian.com/science/life-and-physics/2015/jun/27/something-to-watch-for-in-the-new-data-from-the-large-hadron-collider}}
}

@phdthesis{	  thesis:thiago,
  address	= {S{\~a}o Paulo},
  author	= {Fernandez Perez Tomei, Thiago Rafael and Ferraz Novaes,
		  Sergio},
  school	= {Universidade Estadual Paulista},
  title		= {Busca por Dimens{\~o}es Extras no Detector CMS do Large
		  Hadron Collider},
  year		= {2012}
}

@techreport{	  topwtag_pas,
  author	= {{CMS Collaboration}},
  collaboration	= {CMS},
  number	= {CMS-PAS-JME-10-013},
  title		= {Study of Jet Substructure in pp Collisions at 7 {TeV} in
		  {CMS}},
  type		= {CMS Physics Analysis Summary},
  url		= {http://cdsweb.cern.ch/record/1333700},
  year		= {2010}
}

@misc{		  un-wgs,
  howpublished	= {\url{http://www.un.org/en/events/women-and-girls-in-science-day/}},
  title		= {International Day of Women and Girls in Science},
  author	= {United Nations}
}

@misc{		  unesp-ipcc,
  title		= {{Intel® Parallel Computing Center at São Paulo State
		  University}},
  howpublished	= {\url{https://software.intel.com/en-us/articles/intel-parallel-computing-center-sao-paulo-state-university}}
}

@misc{		  upd,
  howpublished	= {\url{http://www.univ-paris-diderot.fr}},
  title		= {Universit{\'e} Paris Diderot - Paris 7}
}

@misc{		  upmc,
  howpublished	= {\url{http://www.upmc.fr/fr/recherche/pole_2.html}},
  title		= {Energie, mati{\`e}re et Univers - Universit{\'e} Pierre et
		  Marie CURIE - Sciences et M{\'e}decine - UPMC - Paris}
}

@phdthesis{	  vilelapereira:1310335,
  address	= {Turin},
  author	= {Vilela Pereira, Antonio and Arneodo, Michele},
  school	= {Turin U.},
  title		= {Prospects for the measurement of hard diffraction with the
		  CMS detector at the Large Hadron Collider.
		  oai:cds.cern.ch:1310335},
  year		= {2010}
}

@article{	  waltenberger:2008zz,
  author	= {Wolfgang Waltenberger},
  journal	= {CERN-CMS-NOTE-2008-033},
  reportnumber	= {CERN-CMS-NOTE-2008-033},
  slaccitation	= {%%CITATION = CERN-CMS-NOTE-2008-033 ETC.;%%},
  title		= {{Adaptive vertex reconstruction}},
  year		= {2008}
}

@book{		  weinberg:2008,
  author	= {S. Weinberg},
  publisher	= {Oxford University Press},
  title		= {Cosmology},
  year		= {2008}
}

@book{		  wigmans:2000tr,
  author	= {R. Wigmans},
  publisher	= {Oxford Science Publications},
  series	= {International Series of Monographs in Physics},
  title		= {{Calorimetry: Energy Measurement in Particle Physics}},
  year		= {2000}
}

@article{	  wigmans:2000vf,
  author	= {R. Wigmans},
  journal	= {Int.Ser.Monogr.Phys.},
  pages		= {1--726},
  slaccitation	= {%%CITATION = IMPHA,107,1;%%},
  title		= {{Calorimetry: Energy measurement in particle physics}},
  volume	= {107},
  year		= {2000}
}

@article{	  womersley:2005tr,
  author	= {Womersley, John},
  journal	= {Symmetry Magazine},
  title		= {{Beyond the Standard Model}},
  year		= {2005}
}
